2010.06.28 12:00:07.069,0.63335,0.6337,3.20,16.40
2010.06.28 12:00:07.410,0.6334,0.6337,2.40,4.00
2010.06.28 12:00:09.936,0.6334,0.6337,2.40,4.80
2010.06.28 12:00:10.198,0.63335,0.6337,7.20,12.80
2010.06.28 12:00:10.462,0.63335,0.63365,1.00,3.20
2010.06.28 12:00:10.731,0.6333,0.63365,16.80,4.80
2010.06.28 12:00:11.061,0.6333,0.63365,16.00,2.40
2010.06.28 12:00:11.547,0.6333,0.63365,18.40,4.00
2010.06.28 12:00:11.881,0.6333,0.63365,18.50,4.00
2010.06.28 12:00:13.207,0.63335,0.63365,1.00,3.20
2010.06.28 12:00:13.548,0.63335,0.6337,8.80,17.60
2010.06.28 12:00:15.205,0.63335,0.6337,8.80,16.80
2010.06.28 12:00:15.500,0.63335,0.6337,9.60,17.60
2010.06.28 12:00:17.321,0.6334,0.6337,1.60,16.80
2010.06.28 12:00:17.507,0.6334,0.6337,2.40,16.00
2010.06.28 12:00:17.836,0.6334,0.6337,10.40,7.20
2010.06.28 12:00:18.027,0.6334,0.63375,17.60,5.60
2010.06.28 12:00:18.321,0.6334,0.63375,18.40,5.60
2010.06.28 12:00:22.179,0.6334,0.6337,16.80,1.00
2010.06.28 12:00:22.289,0.63335,0.6337,15.70,12.80
2010.06.28 12:00:22.506,0.63335,0.6337,15.30,12.80
2010.06.28 12:00:22.760,0.63335,0.6337,14.40,12.80
2010.06.28 12:00:22.871,0.63335,0.6337,9.60,18.40
2010.06.28 12:00:23.288,0.63335,0.6337,9.70,18.40
2010.06.28 12:00:23.629,0.63335,0.6337,10.50,15.20
2010.06.28 12:00:23.972,0.6334,0.6337,1.60,1.00
2010.06.28 12:00:26.009,0.6334,0.63375,2.40,17.20
2010.06.28 12:00:26.339,0.6334,0.63375,18.40,6.40
2010.06.28 12:00:27.729,0.6334,0.6337,17.60,1.00
2010.06.28 12:00:27.958,0.6334,0.6337,12.00,1.00
2010.06.28 12:00:28.077,0.6334,0.6337,7.20,1.00
2010.06.28 12:00:30.435,0.6334,0.6337,7.30,1.00
2010.06.28 12:00:31.106,0.6334,0.6337,2.50,1.00
2010.06.28 12:00:34.443,0.6334,0.6337,2.40,1.00
2010.06.28 12:00:34.657,0.6334,0.6337,1.60,5.60
2010.06.28 12:00:35.000,0.6334,0.6337,1.00,17.60
2010.06.28 12:00:37.717,0.6334,0.6337,1.60,17.60
2010.06.28 12:00:37.988,0.6334,0.6337,1.60,12.80
2010.06.28 12:00:38.261,0.6334,0.6337,1.60,1.00
2010.06.28 12:00:39.334,0.6334,0.6337,1.00,17.60
2010.06.28 12:00:39.685,0.63335,0.63365,7.20,1.00
2010.06.28 12:00:40.031,0.6333,0.6336,11.20,1.00
2010.06.28 12:00:40.537,0.6333,0.6336,8.80,2.40
2010.06.28 12:00:40.884,0.6333,0.63365,12.00,9.60
2010.06.28 12:00:41.849,0.6333,0.63365,12.10,9.60
2010.06.28 12:00:42.147,0.63335,0.63365,2.00,7.20
2010.06.28 12:00:42.340,0.63335,0.63365,2.80,7.20
2010.06.28 12:00:42.504,0.63335,0.63365,1.00,3.20
2010.06.28 12:00:42.673,0.63335,0.63365,1.60,5.60
2010.06.28 12:00:42.876,0.63335,0.63365,1.60,4.80
2010.06.28 12:00:43.053,0.63335,0.63365,1.60,1.00
2010.06.28 12:00:44.397,0.6333,0.63365,12.80,8.80
2010.06.28 12:00:44.638,0.6333,0.63365,12.80,9.00
2010.06.28 12:00:45.118,0.6333,0.63365,12.80,9.80
2010.06.28 12:00:48.890,0.6333,0.6336,12.80,1.00
2010.06.28 12:00:55.708,0.6333,0.63365,12.80,9.80
2010.06.28 12:01:02.628,0.6333,0.6336,12.00,1.00
2010.06.28 12:01:02.824,0.63325,0.63355,5.20,1.00
2010.06.28 12:01:03.011,0.63325,0.63355,1.00,1.00
2010.06.28 12:01:05.682,0.63325,0.6336,1.60,19.40
2010.06.28 12:01:05.780,0.63325,0.63355,3.20,1.00
2010.06.28 12:01:05.870,0.63325,0.6336,4.40,14.60
2010.06.28 12:01:06.189,0.63325,0.6335,6.80,1.00
2010.06.28 12:01:06.279,0.63325,0.6335,3.60,1.00
2010.06.28 12:01:06.374,0.63325,0.6335,1.00,1.00
2010.06.28 12:01:07.035,0.6332,0.63355,11.20,6.90
2010.06.28 12:01:07.393,0.6331,0.63345,12.00,11.20
2010.06.28 12:01:07.747,0.6331,0.6334,10.40,1.00
2010.06.28 12:01:08.092,0.6331,0.6334,4.00,9.60
2010.06.28 12:01:08.439,0.6331,0.6334,11.20,2.40
2010.06.28 12:01:08.780,0.63315,0.63345,6.80,8.80
2010.06.28 12:01:09.119,0.63315,0.6335,15.60,6.40
2010.06.28 12:01:09.458,0.63315,0.6335,15.60,4.00
2010.06.28 12:01:11.699,0.63315,0.63345,3.60,10.40
2010.06.28 12:01:12.071,0.63315,0.63345,3.20,10.40
2010.06.28 12:01:12.412,0.6331,0.6334,8.80,2.40
2010.06.28 12:01:13.301,0.6331,0.6334,4.80,3.20
2010.06.28 12:01:13.633,0.63305,0.6334,14.40,11.30
2010.06.28 12:01:13.969,0.63305,0.6334,14.40,8.90
2010.06.28 12:01:14.472,0.63305,0.6334,14.40,4.20
2010.06.28 12:01:17.000,0.63305,0.6334,14.40,4.00
2010.06.28 12:01:19.938,0.63305,0.63335,12.00,1.00
2010.06.28 12:01:20.357,0.63305,0.63335,10.40,1.00
2010.06.28 12:01:21.388,0.63305,0.63335,5.60,1.00
2010.06.28 12:01:21.699,0.633,0.63335,15.60,1.00
2010.06.28 12:01:22.010,0.633,0.63335,9.60,13.60
2010.06.28 12:01:22.318,0.633,0.63335,2.40,13.60
2010.06.28 12:01:23.043,0.633,0.6333,1.00,9.60
2010.06.28 12:01:23.294,0.63295,0.6333,15.60,11.20
2010.06.28 12:01:23.537,0.63295,0.6333,15.60,11.30
2010.06.28 12:01:23.882,0.633,0.6333,1.00,10.40
2010.06.28 12:01:24.232,0.633,0.6333,1.00,9.60
2010.06.28 12:01:24.627,0.633,0.6333,1.60,7.20
2010.06.28 12:01:24.935,0.63305,0.63335,1.00,1.00
2010.06.28 12:01:30.459,0.6331,0.63335,3.20,1.00
2010.06.28 12:01:30.807,0.6331,0.6334,3.20,4.00
2010.06.28 12:01:32.577,0.6331,0.6334,3.20,3.20
2010.06.28 12:01:34.377,0.6331,0.6334,3.30,3.20
2010.06.28 12:01:36.657,0.6331,0.6334,3.20,3.20
2010.06.28 12:01:38.049,0.6331,0.6334,2.40,4.00
2010.06.28 12:01:38.392,0.6331,0.6334,1.00,15.20
2010.06.28 12:01:38.738,0.6331,0.6334,3.20,8.00
2010.06.28 12:01:39.077,0.6331,0.6334,3.20,3.20
2010.06.28 12:01:47.319,0.6331,0.6334,3.30,3.20
2010.06.28 12:01:49.340,0.6331,0.6334,3.30,4.00
2010.06.28 12:01:49.838,0.6331,0.6334,3.20,3.20
2010.06.28 12:01:50.180,0.6331,0.6334,3.30,3.20
2010.06.28 12:01:51.307,0.6331,0.6334,3.20,3.20
2010.06.28 12:01:57.390,0.6331,0.6334,3.20,2.40
2010.06.28 12:01:58.325,0.6331,0.6334,3.20,3.20
2010.06.28 12:02:00.200,0.6331,0.6334,3.20,4.00
2010.06.28 12:02:02.328,0.6331,0.6334,3.20,3.20
2010.06.28 12:02:05.787,0.6331,0.6334,3.20,4.00
2010.06.28 12:02:10.349,0.6331,0.6334,3.20,4.20
2010.06.28 12:02:10.689,0.6331,0.6334,3.20,8.80
2010.06.28 12:02:10.828,0.6331,0.6334,3.20,4.00
2010.06.28 12:02:13.541,0.6331,0.6334,3.20,3.20
2010.06.28 12:02:26.646,0.6331,0.6334,3.30,3.20
2010.06.28 12:02:27.618,0.6331,0.6334,4.10,2.40
2010.06.28 12:02:28.972,0.6331,0.6334,4.00,2.40
2010.06.28 12:02:35.419,0.63315,0.6334,1.00,2.40
2010.06.28 12:02:35.943,0.63315,0.63345,1.00,1.00
2010.06.28 12:02:39.867,0.63315,0.63345,1.60,1.00
2010.06.28 12:02:40.117,0.63315,0.6335,1.60,18.40
2010.06.28 12:02:41.271,0.63315,0.6335,1.60,18.60
2010.06.28 12:02:41.572,0.63315,0.63345,1.60,1.00
2010.06.28 12:02:41.881,0.63315,0.63345,1.60,1.00
2010.06.28 12:02:42.155,0.63305,0.6334,4.00,16.10
2010.06.28 12:02:42.429,0.63305,0.63335,4.00,1.00
2010.06.28 12:02:42.709,0.63305,0.63335,16.00,1.00
2010.06.28 12:02:42.991,0.63305,0.63335,14.40,1.00
2010.06.28 12:02:43.499,0.63305,0.63335,9.60,1.00
2010.06.28 12:02:43.839,0.63305,0.63335,9.20,1.00
2010.06.28 12:02:44.178,0.6331,0.63335,1.00,1.00
2010.06.28 12:02:44.521,0.63315,0.63345,1.00,8.20
2010.06.28 12:02:44.861,0.63315,0.63345,1.00,1.00
2010.06.28 12:02:45.199,0.63315,0.6334,1.00,1.00
2010.06.28 12:02:45.867,0.63315,0.63345,1.00,1.00
2010.06.28 12:02:46.207,0.63315,0.6334,1.00,1.00
2010.06.28 12:02:46.888,0.63315,0.63345,1.00,1.00
2010.06.28 12:02:47.227,0.63315,0.6334,1.00,1.00
2010.06.28 12:02:47.906,0.63315,0.63345,1.00,1.80
2010.06.28 12:02:48.679,0.63315,0.63345,1.00,1.00
2010.06.28 12:02:48.889,0.63315,0.63345,1.00,1.00
2010.06.28 12:02:49.737,0.63315,0.63345,1.00,1.00
2010.06.28 12:02:52.538,0.63315,0.63345,1.60,1.00
2010.06.28 12:02:58.363,0.63315,0.63345,1.60,1.60
2010.06.28 12:03:17.434,0.63315,0.63345,1.60,1.00
2010.06.28 12:03:17.606,0.63315,0.6335,1.60,17.80
2010.06.28 12:03:20.129,0.63315,0.6335,11.20,9.80
2010.06.28 12:03:20.360,0.63315,0.6335,8.80,13.80
2010.06.28 12:03:20.588,0.63315,0.6335,13.60,9.00
2010.06.28 12:03:20.818,0.63315,0.6335,8.80,13.80
2010.06.28 12:03:23.057,0.63315,0.6335,13.60,9.00
2010.06.28 12:03:25.669,0.63315,0.63345,13.60,1.00
2010.06.28 12:03:25.881,0.63315,0.6335,13.60,9.00
2010.06.28 12:03:29.626,0.63315,0.6335,13.60,8.80
2010.06.28 12:03:31.805,0.63315,0.6335,15.20,10.40
2010.06.28 12:03:32.119,0.63315,0.6335,15.20,8.80
2010.06.28 12:03:32.430,0.63315,0.6335,15.20,7.20
2010.06.28 12:03:32.768,0.63315,0.6335,15.20,9.60
2010.06.28 12:03:33.448,0.63315,0.63345,14.50,1.00
2010.06.28 12:03:33.769,0.63315,0.63345,2.40,12.80
2010.06.28 12:03:34.742,0.6333,0.63345,1.00,12.00
2010.06.28 12:03:35.091,0.6333,0.63355,1.00,1.00
2010.06.28 12:03:35.429,0.6333,0.63355,1.00,1.00
2010.06.28 12:03:43.596,0.63335,0.63355,1.00,1.00
2010.06.28 12:03:43.687,0.63335,0.6336,1.00,1.60
2010.06.28 12:03:44.040,0.63335,0.6336,1.00,1.00
2010.06.28 12:03:44.139,0.63335,0.6336,1.00,1.00
2010.06.28 12:03:44.271,0.63335,0.6336,1.00,1.00
2010.06.28 12:03:44.607,0.63335,0.6336,1.00,1.00
2010.06.28 12:03:45.289,0.6333,0.6336,8.00,1.00
2010.06.28 12:03:45.457,0.6333,0.6336,5.60,1.00
2010.06.28 12:03:45.628,0.6333,0.6336,1.00,1.00
2010.06.28 12:03:45.797,0.6333,0.6336,3.20,1.00
2010.06.28 12:03:45.967,0.6333,0.6336,1.00,1.00
2010.06.28 12:03:51.984,0.6333,0.63355,1.00,1.00
2010.06.28 12:03:54.307,0.6333,0.6336,1.00,1.00
2010.06.28 12:03:56.263,0.63335,0.6336,1.00,1.00
2010.06.28 12:03:56.630,0.63335,0.6336,1.00,1.00
2010.06.28 12:03:57.252,0.6333,0.6336,4.80,5.60
2010.06.28 12:03:57.607,0.6332,0.63355,10.40,8.00
2010.06.28 12:03:58.133,0.6332,0.6335,4.80,1.00
2010.06.28 12:03:58.482,0.6332,0.6335,1.60,3.20
2010.06.28 12:03:58.827,0.6332,0.6335,1.00,12.80
2010.06.28 12:04:03.538,0.6332,0.6335,1.60,9.60
2010.06.28 12:04:03.647,0.6332,0.63355,1.60,14.40
2010.06.28 12:04:03.756,0.6332,0.63355,4.00,14.40
2010.06.28 12:04:04.918,0.6332,0.63355,4.00,14.50
2010.06.28 12:04:05.785,0.6332,0.6335,3.20,1.00
2010.06.28 12:04:05.962,0.6332,0.6335,1.00,16.80
2010.06.28 12:04:06.138,0.63315,0.6335,4.00,16.80
2010.06.28 12:04:06.312,0.63315,0.6335,3.20,16.80
2010.06.28 12:04:07.570,0.63315,0.6335,3.20,17.00
2010.06.28 12:04:07.842,0.63315,0.6335,3.20,16.80
2010.06.28 12:04:08.448,0.63315,0.6335,10.40,16.80
2010.06.28 12:04:10.175,0.63315,0.6335,9.60,16.80
2010.06.28 12:04:10.656,0.63315,0.6335,9.60,17.00
2010.06.28 12:04:12.288,0.63315,0.6335,9.60,16.80
2010.06.28 12:04:14.518,0.63315,0.6335,9.60,17.00
2010.06.28 12:04:16.880,0.63315,0.6335,9.60,16.80
2010.06.28 12:04:26.231,0.63315,0.6335,9.70,16.80
2010.06.28 12:04:26.962,0.63315,0.6335,9.60,16.80
2010.06.28 12:04:29.062,0.63315,0.6335,9.70,16.80
2010.06.28 12:04:31.728,0.63315,0.6335,4.90,16.80
2010.06.28 12:04:32.040,0.63315,0.6335,2.50,16.80
2010.06.28 12:04:32.509,0.63315,0.6335,2.40,16.80
2010.06.28 12:04:33.918,0.63315,0.6335,9.60,16.80
2010.06.28 12:04:36.979,0.63315,0.6334,8.80,1.00
2010.06.28 12:04:37.231,0.6331,0.63345,8.50,12.80
2010.06.28 12:04:37.477,0.6331,0.63345,13.30,12.80
2010.06.28 12:04:42.650,0.6331,0.63345,12.50,12.80
2010.06.28 12:04:42.988,0.6331,0.6334,4.90,2.40
2010.06.28 12:04:43.467,0.6331,0.6334,4.90,3.20
2010.06.28 12:04:45.749,0.63315,0.6334,1.00,3.20
2010.06.28 12:04:49.739,0.6331,0.6334,4.90,3.20
2010.06.28 12:04:51.867,0.6331,0.6334,4.90,2.40
2010.06.28 12:04:52.909,0.6331,0.6334,4.90,3.20
2010.06.28 12:04:53.346,0.63315,0.6334,1.00,3.20
2010.06.28 12:04:59.417,0.6331,0.6334,4.90,3.20
2010.06.28 12:05:01.716,0.6331,0.6334,4.80,3.20
2010.06.28 12:05:01.923,0.63315,0.6334,1.00,3.20
2010.06.28 12:05:02.055,0.63315,0.6334,1.60,1.00
2010.06.28 12:05:02.172,0.63315,0.6334,1.60,3.20
2010.06.28 12:05:05.999,0.63315,0.6334,2.40,2.40
2010.06.28 12:05:06.189,0.63315,0.63345,2.40,8.80
2010.06.28 12:05:06.378,0.63315,0.63345,2.40,1.60
2010.06.28 12:05:07.840,0.6332,0.63345,1.60,1.00
2010.06.28 12:05:08.030,0.6332,0.6335,6.80,12.80
2010.06.28 12:05:08.536,0.6332,0.6335,13.60,1.00
2010.06.28 12:05:09.066,0.6332,0.6335,12.00,1.00
2010.06.28 12:05:10.293,0.6332,0.6335,12.10,1.00
2010.06.28 12:05:18.230,0.63335,0.6335,1.00,1.00
2010.06.28 12:05:18.604,0.63335,0.63355,1.00,1.00
2010.06.28 12:05:18.790,0.6333,0.6336,10.40,1.00
2010.06.28 12:05:18.971,0.6333,0.6336,1.60,15.20
2010.06.28 12:05:19.148,0.63335,0.6336,1.00,15.20
2010.06.28 12:05:19.329,0.63335,0.63365,1.60,1.60
2010.06.28 12:05:19.670,0.63335,0.63365,1.00,13.60
2010.06.28 12:05:20.008,0.63335,0.63365,1.00,12.80
2010.06.28 12:05:22.040,0.63335,0.63365,1.00,12.90
2010.06.28 12:05:22.571,0.6333,0.6336,6.40,1.00
2010.06.28 12:05:22.909,0.63325,0.6336,15.60,8.00
2010.06.28 12:05:23.355,0.63325,0.6336,15.60,8.90
2010.06.28 12:05:27.450,0.6333,0.6336,1.00,8.10
2010.06.28 12:05:27.787,0.6333,0.6336,1.00,3.30
2010.06.28 12:05:28.129,0.63325,0.6336,15.60,6.40
2010.06.28 12:05:28.377,0.63325,0.6336,15.60,8.80
2010.06.28 12:05:28.927,0.63325,0.6336,15.60,8.90
2010.06.28 12:05:29.720,0.63325,0.6336,14.40,9.00
2010.06.28 12:05:31.014,0.63325,0.6336,14.40,8.80
2010.06.28 12:05:33.219,0.63325,0.6336,14.40,9.00
2010.06.28 12:05:33.377,0.63325,0.6336,14.40,9.70
2010.06.28 12:05:33.528,0.63325,0.63355,4.80,8.00
2010.06.28 12:05:33.791,0.6332,0.63355,9.60,12.80
2010.06.28 12:05:33.921,0.6332,0.63355,9.60,12.90
2010.06.28 12:05:34.177,0.6332,0.63355,9.60,13.70
2010.06.28 12:05:34.307,0.6332,0.63355,10.40,13.70
2010.06.28 12:05:34.437,0.6332,0.63355,10.80,13.70
2010.06.28 12:05:35.118,0.6332,0.63355,18.80,6.40
2010.06.28 12:05:35.462,0.63325,0.63355,1.00,1.00
2010.06.28 12:05:36.436,0.6332,0.63355,18.00,1.00
2010.06.28 12:05:36.648,0.6332,0.63355,15.20,3.40
2010.06.28 12:05:37.126,0.6332,0.63355,9.60,13.00
2010.06.28 12:05:37.709,0.6332,0.6335,10.80,1.00
2010.06.28 12:05:38.048,0.63325,0.63355,1.00,12.00
2010.06.28 12:05:38.389,0.6333,0.63355,2.40,1.00
2010.06.28 12:05:39.137,0.6333,0.63355,2.40,1.00
2010.06.28 12:05:40.059,0.6333,0.63355,2.40,1.00
2010.06.28 12:05:40.277,0.6333,0.63355,3.20,1.00
2010.06.28 12:05:40.487,0.6333,0.6336,3.20,5.00
2010.06.28 12:05:41.919,0.6333,0.63355,2.40,1.00
2010.06.28 12:05:44.167,0.6333,0.6336,3.20,5.00
2010.06.28 12:05:44.576,0.6333,0.6336,2.40,5.00
2010.06.28 12:05:44.849,0.6333,0.6336,2.40,7.40
2010.06.28 12:05:49.639,0.6333,0.63355,2.40,1.00
2010.06.28 12:05:51.540,0.6333,0.6336,3.20,7.40
2010.06.28 12:05:51.740,0.6333,0.6336,3.20,5.00
2010.06.28 12:05:52.159,0.6333,0.6336,3.20,4.80
2010.06.28 12:05:56.159,0.6333,0.6336,3.20,4.00
2010.06.28 12:05:56.284,0.6333,0.6336,3.20,3.20
2010.06.28 12:05:59.495,0.6333,0.6336,3.20,4.20
2010.06.28 12:06:05.102,0.6333,0.6336,3.20,4.00
2010.06.28 12:06:05.448,0.6333,0.6336,3.20,4.20
2010.06.28 12:06:06.178,0.6333,0.6336,3.20,3.20
2010.06.28 12:06:08.408,0.6333,0.6336,3.20,4.00
2010.06.28 12:06:08.699,0.6333,0.6336,3.20,3.20
2010.06.28 12:06:10.129,0.6333,0.6336,3.20,4.00
2010.06.28 12:06:10.776,0.6333,0.6336,3.20,3.20
2010.06.28 12:06:11.160,0.63335,0.6336,4.80,3.20
2010.06.28 12:06:11.258,0.6334,0.6336,4.80,3.20
2010.06.28 12:06:12.528,0.6334,0.6336,4.80,4.20
2010.06.28 12:06:13.268,0.6334,0.6336,4.80,4.00
2010.06.28 12:06:17.977,0.6334,0.6336,4.80,3.20
2010.06.28 12:06:18.517,0.6334,0.6336,5.60,3.20
2010.06.28 12:06:19.025,0.63345,0.6336,4.80,1.00
2010.06.28 12:06:19.145,0.6335,0.63365,4.80,1.00
2010.06.28 12:06:19.603,0.6335,0.6337,9.60,1.00
2010.06.28 12:06:20.288,0.6334,0.6337,11.20,1.00
2010.06.28 12:06:20.870,0.6334,0.63365,11.20,1.00
2010.06.28 12:06:21.173,0.6334,0.6337,11.20,1.60
2010.06.28 12:06:21.377,0.6334,0.6337,11.20,1.00
2010.06.28 12:06:21.636,0.6334,0.6337,11.20,1.00
2010.06.28 12:06:26.787,0.6334,0.6337,11.20,1.00
2010.06.28 12:06:33.387,0.6334,0.6337,8.80,1.60
2010.06.28 12:06:33.457,0.6334,0.6337,8.00,1.60
2010.06.28 12:06:33.530,0.6334,0.6337,10.40,1.60
2010.06.28 12:06:33.598,0.6334,0.63365,10.40,1.00
2010.06.28 12:06:33.911,0.6334,0.63365,5.60,1.00
2010.06.28 12:06:34.258,0.6334,0.63365,11.20,1.00
2010.06.28 12:06:34.398,0.6334,0.63365,16.00,1.00
2010.06.28 12:06:35.808,0.6334,0.63365,13.60,1.00
2010.06.28 12:06:36.302,0.6334,0.63365,16.00,1.00
2010.06.28 12:06:37.887,0.6334,0.63365,11.20,1.00
2010.06.28 12:06:39.991,0.6334,0.6337,11.20,1.00
2010.06.28 12:06:48.569,0.6334,0.6337,10.40,4.00
2010.06.28 12:06:48.853,0.6334,0.6337,9.60,4.00
2010.06.28 12:06:49.030,0.6334,0.6337,2.40,11.20
2010.06.28 12:06:52.338,0.6334,0.6337,3.20,10.40
2010.06.28 12:06:52.567,0.6334,0.6337,8.00,3.20
2010.06.28 12:06:52.797,0.6334,0.6337,9.60,2.40
2010.06.28 12:06:52.957,0.6334,0.63375,12.00,11.20
2010.06.28 12:07:03.088,0.6334,0.6337,11.20,1.00
2010.06.28 12:07:03.429,0.6334,0.6337,3.20,10.40
2010.06.28 12:07:10.040,0.6334,0.63375,12.00,11.20
2010.06.28 12:07:10.379,0.63345,0.63375,1.00,8.80
2010.06.28 12:07:10.721,0.63345,0.63375,8.80,1.00
2010.06.28 12:07:11.987,0.63345,0.63375,8.00,1.00
2010.06.28 12:07:12.391,0.63345,0.63375,4.80,5.60
2010.06.28 12:07:12.960,0.6334,0.63375,12.80,10.40
2010.06.28 12:07:15.979,0.6334,0.6337,11.20,1.00
2010.06.28 12:07:16.319,0.6334,0.6337,2.40,10.40
2010.06.28 12:07:16.657,0.6334,0.6337,2.40,11.20
2010.06.28 12:07:21.112,0.6334,0.6337,3.20,10.40
2010.06.28 12:07:21.321,0.6334,0.6337,4.00,8.00
2010.06.28 12:07:21.529,0.6334,0.6337,6.40,5.60
2010.06.28 12:07:21.737,0.6334,0.6337,11.20,1.00
2010.06.28 12:07:25.238,0.6334,0.6337,9.60,2.40
2010.06.28 12:07:25.467,0.63335,0.6337,15.20,12.00
2010.06.28 12:08:06.405,0.63335,0.6337,15.20,16.80
2010.06.28 12:08:06.536,0.63335,0.6336,5.60,9.60
2010.06.28 12:08:08.028,0.63335,0.6336,1.60,9.60
2010.06.28 12:08:08.208,0.63335,0.63355,1.00,4.80
2010.06.28 12:08:10.088,0.63335,0.63365,1.00,1.00
2010.06.28 12:08:11.336,0.63335,0.6337,2.40,17.60
2010.06.28 12:08:11.466,0.63335,0.6337,9.60,17.60
2010.06.28 12:08:11.744,0.63335,0.6337,14.40,17.60
2010.06.28 12:08:12.586,0.63335,0.6337,14.40,12.80
2010.06.28 12:08:13.058,0.6334,0.6337,4.00,8.80
2010.06.28 12:08:13.405,0.6334,0.6337,6.40,6.40
2010.06.28 12:08:13.574,0.6334,0.63375,12.00,11.20
2010.06.28 12:08:13.913,0.6334,0.63375,12.10,11.20
2010.06.28 12:08:14.598,0.6334,0.63375,12.00,11.20
2010.06.28 12:08:28.311,0.6334,0.63375,12.00,11.40
2010.06.28 12:08:28.503,0.6334,0.6337,12.80,4.80
2010.06.28 12:08:28.988,0.6334,0.63365,9.60,2.40
2010.06.28 12:08:29.318,0.6333,0.63365,16.80,4.80
2010.06.28 12:08:29.987,0.6333,0.63365,16.80,2.40
2010.06.28 12:08:39.666,0.6333,0.63365,16.80,9.60
2010.06.28 12:08:39.965,0.6333,0.63365,12.00,14.40
2010.06.28 12:08:41.289,0.6333,0.6336,4.80,8.00
2010.06.28 12:08:41.801,0.6333,0.6336,11.20,1.00
2010.06.28 12:08:41.902,0.6333,0.63365,12.80,14.40
2010.06.28 12:08:42.962,0.63335,0.63365,8.80,1.00
2010.06.28 12:08:43.992,0.63335,0.63365,8.00,1.60
2010.06.28 12:08:44.165,0.63335,0.63365,5.60,4.00
2010.06.28 12:08:44.216,0.63335,0.63365,1.00,4.00
2010.06.28 12:08:44.414,0.6333,0.63365,18.40,4.00
2010.06.28 12:08:44.467,0.6333,0.63365,13.60,8.80
2010.06.28 12:08:46.285,0.6333,0.63365,13.60,6.40
2010.06.28 12:08:46.389,0.6333,0.63365,18.40,6.40
2010.06.28 12:08:46.497,0.6333,0.63365,18.40,1.60
2010.06.28 12:08:48.311,0.63335,0.63365,1.00,1.00
2010.06.28 12:08:48.527,0.63335,0.63365,13.60,1.00
2010.06.28 12:09:04.761,0.63335,0.63365,13.60,1.00
2010.06.28 12:09:05.422,0.63335,0.63365,12.80,1.80
2010.06.28 12:09:05.769,0.6333,0.63365,17.60,2.40
2010.06.28 12:09:06.447,0.63335,0.63365,1.00,1.60
2010.06.28 12:09:06.627,0.63335,0.63365,6.40,1.00
2010.06.28 12:09:07.009,0.63335,0.63365,13.60,1.00
2010.06.28 12:09:07.449,0.63335,0.63365,13.60,1.00
2010.06.28 12:09:13.582,0.63335,0.63365,12.80,1.60
2010.06.28 12:09:13.687,0.63335,0.63365,12.00,1.60
2010.06.28 12:09:14.268,0.63335,0.63365,4.80,2.40
2010.06.28 12:09:14.578,0.6333,0.63365,16.00,4.00
2010.06.28 12:09:14.886,0.6333,0.63365,13.60,6.40
2010.06.28 12:09:16.837,0.6333,0.63365,4.00,16.00
2010.06.28 12:09:19.576,0.6333,0.63365,4.00,16.20
2010.06.28 12:09:19.971,0.6333,0.6336,3.20,1.00
2010.06.28 12:09:20.110,0.6333,0.6336,4.00,1.00
2010.06.28 12:09:20.302,0.6333,0.6336,3.20,1.00
2010.06.28 12:09:24.527,0.6333,0.6336,8.00,1.00
2010.06.28 12:09:24.958,0.6333,0.6336,10.40,1.00
2010.06.28 12:09:26.640,0.6333,0.63355,9.60,1.00
2010.06.28 12:09:26.857,0.6333,0.63355,9.60,1.00
2010.06.28 12:09:27.017,0.6333,0.63355,4.80,1.00
2010.06.28 12:09:27.325,0.63325,0.6335,4.80,1.00
2010.06.28 12:09:27.679,0.6332,0.63345,9.60,1.00
2010.06.28 12:09:28.166,0.63315,0.63345,6.40,1.00
2010.06.28 12:09:28.458,0.63315,0.6335,13.60,9.60
2010.06.28 12:09:29.057,0.63315,0.6335,13.60,4.80
2010.06.28 12:09:31.447,0.63315,0.6335,13.60,6.80
2010.06.28 12:09:33.075,0.63315,0.63345,12.80,1.00
2010.06.28 12:09:33.343,0.63315,0.63345,2.40,2.80
2010.06.28 12:09:33.615,0.6331,0.6334,17.60,1.00
2010.06.28 12:09:33.959,0.6331,0.6334,11.20,4.00
2010.06.28 12:09:34.298,0.63305,0.6334,16.00,4.00
2010.06.28 12:09:34.639,0.63305,0.63335,14.40,1.00
2010.06.28 12:09:34.979,0.63305,0.6334,4.00,15.80
2010.06.28 12:09:35.468,0.63305,0.6334,15.20,6.20
2010.06.28 12:09:35.807,0.63305,0.6334,15.20,6.00
2010.06.28 12:09:36.124,0.63305,0.6334,1.00,18.80
2010.06.28 12:09:36.428,0.63305,0.6334,15.20,6.00
2010.06.28 12:09:37.376,0.63305,0.6334,16.80,6.00
2010.06.28 12:09:38.750,0.63305,0.63335,16.00,1.00
2010.06.28 12:09:39.028,0.63305,0.63335,8.80,1.00
2010.06.28 12:09:39.218,0.63305,0.63335,1.60,1.20
2010.06.28 12:09:39.506,0.633,0.63335,20.90,1.20
2010.06.28 12:09:40.080,0.63305,0.6334,1.00,18.90
2010.06.28 12:09:40.419,0.63305,0.6334,15.20,5.70
2010.06.28 12:09:40.760,0.63305,0.6334,16.90,5.20
2010.06.28 12:09:41.138,0.63305,0.63335,11.20,1.00
2010.06.28 12:09:41.409,0.63305,0.6334,4.80,15.60
2010.06.28 12:09:42.319,0.6331,0.6334,4.00,2.40
2010.06.28 12:09:42.656,0.6331,0.6334,6.40,1.00
2010.06.28 12:09:44.117,0.6331,0.6334,5.60,1.60
2010.06.28 12:09:44.367,0.6331,0.6334,1.00,4.00
2010.06.28 12:09:44.697,0.63305,0.6334,16.90,4.00
2010.06.28 12:09:45.321,0.63305,0.63335,16.10,1.00
2010.06.28 12:09:45.641,0.63305,0.63335,12.00,1.00
2010.06.28 12:09:45.986,0.633,0.63335,8.90,5.60
2010.06.28 12:09:46.326,0.63305,0.63335,1.00,5.60
2010.06.28 12:09:46.735,0.633,0.63335,8.90,5.60
2010.06.28 12:09:47.060,0.63305,0.63335,1.00,5.60
2010.06.28 12:09:47.450,0.633,0.63335,12.00,5.60
2010.06.28 12:09:47.788,0.63305,0.63335,12.10,1.00
2010.06.28 12:09:48.132,0.63305,0.6334,14.50,4.80
2010.06.28 12:09:48.665,0.63305,0.6334,16.80,5.20
2010.06.28 12:09:49.532,0.6331,0.6334,1.00,5.20
2010.06.28 12:09:50.649,0.6331,0.6334,10.50,1.00
2010.06.28 12:09:52.763,0.6331,0.6334,10.50,1.00
2010.06.28 12:09:52.876,0.6331,0.6334,9.70,1.60
2010.06.28 12:09:52.986,0.6331,0.6334,1.00,4.00
2010.06.28 12:09:53.217,0.63305,0.6334,17.70,4.00
2010.06.28 12:09:53.618,0.63305,0.6334,17.60,4.00
2010.06.28 12:09:54.968,0.63305,0.6334,17.70,4.00
2010.06.28 12:09:55.266,0.63305,0.6334,17.60,4.00
2010.06.28 12:09:57.817,0.6331,0.6334,1.00,4.00
2010.06.28 12:09:58.069,0.6331,0.6334,1.70,2.40
2010.06.28 12:09:58.322,0.6331,0.63345,8.00,12.00
2010.06.28 12:09:58.572,0.6331,0.63345,17.60,1.60
2010.06.28 12:09:59.084,0.6331,0.63345,17.60,2.40
2010.06.28 12:09:59.427,0.6331,0.63345,17.70,2.40
2010.06.28 12:09:59.884,0.63315,0.63345,1.00,2.40
2010.06.28 12:10:00.227,0.63315,0.63345,1.00,1.60
2010.06.28 12:10:00.568,0.6331,0.63345,17.60,1.60
2010.06.28 12:10:00.906,0.6331,0.63345,17.60,2.40
2010.06.28 12:10:01.096,0.6331,0.63345,17.70,2.40
2010.06.28 12:10:01.349,0.6331,0.63345,17.60,2.40
2010.06.28 12:10:01.832,0.6331,0.63345,17.70,2.40
2010.06.28 12:10:02.032,0.6331,0.63345,17.60,1.60
2010.06.28 12:10:02.434,0.6331,0.63345,17.70,1.60
2010.06.28 12:10:03.716,0.6331,0.63345,17.60,1.60
2010.06.28 12:10:04.857,0.6331,0.63345,17.60,1.80
2010.06.28 12:10:05.195,0.6331,0.63345,17.60,2.60
2010.06.28 12:10:05.887,0.6331,0.63345,16.80,3.40
2010.06.28 12:10:06.227,0.6331,0.63345,16.80,3.20
2010.06.28 12:10:08.976,0.6331,0.63345,16.90,3.20
2010.06.28 12:10:09.147,0.6331,0.63345,17.60,3.20
2010.06.28 12:10:09.428,0.6331,0.63345,17.70,2.80
2010.06.28 12:10:09.617,0.6331,0.63345,17.70,2.00
2010.06.28 12:10:11.386,0.6331,0.63345,17.70,1.60
2010.06.28 12:10:11.726,0.63315,0.63345,1.00,1.60
2010.06.28 12:10:12.417,0.63315,0.63345,1.60,1.00
2010.06.28 12:10:12.658,0.63315,0.63345,2.40,1.00
2010.06.28 12:10:12.779,0.63315,0.6335,9.60,11.20
2010.06.28 12:10:13.117,0.63315,0.6335,14.40,11.20
2010.06.28 12:10:13.456,0.63315,0.6335,14.40,11.60
2010.06.28 12:10:15.869,0.63315,0.63345,13.60,1.00
2010.06.28 12:10:16.207,0.63315,0.63345,14.40,1.00
2010.06.28 12:10:16.377,0.63315,0.6335,2.40,16.00
2010.06.28 12:10:16.547,0.63315,0.6335,14.40,11.20
2010.06.28 12:10:19.400,0.63315,0.63345,13.60,1.00
2010.06.28 12:10:19.646,0.63315,0.63345,11.20,1.00
2010.06.28 12:10:19.769,0.63315,0.63345,1.60,1.60
2010.06.28 12:10:19.885,0.63315,0.63345,1.00,1.60
2010.06.28 12:10:24.179,0.6331,0.63345,17.60,2.40
2010.06.28 12:10:24.576,0.6331,0.63345,17.70,2.40
2010.06.28 12:10:25.760,0.6331,0.63345,17.60,2.40
2010.06.28 12:10:25.966,0.6331,0.63345,17.60,2.40
2010.06.28 12:10:26.659,0.6331,0.63345,16.80,1.60
2010.06.28 12:10:29.090,0.6331,0.63345,16.80,1.70
2010.06.28 12:10:29.389,0.6331,0.63345,16.80,1.60
2010.06.28 12:10:29.895,0.6331,0.63345,16.80,2.00
2010.06.28 12:10:31.930,0.6331,0.63345,16.90,2.00
2010.06.28 12:10:33.011,0.6331,0.63345,16.80,2.00
2010.06.28 12:10:33.232,0.6331,0.63345,16.90,2.00
2010.06.28 12:10:36.356,0.6331,0.63345,16.90,1.60
2010.06.28 12:10:37.534,0.6331,0.63345,18.50,1.60
2010.06.28 12:10:37.768,0.63315,0.63345,2.40,1.00
2010.06.28 12:10:38.109,0.63315,0.63345,12.00,1.00
2010.06.28 12:10:43.185,0.63315,0.63345,12.00,1.60
2010.06.28 12:10:43.400,0.63315,0.63345,9.60,1.60
2010.06.28 12:10:43.499,0.6331,0.63345,16.90,1.60
2010.06.28 12:10:44.147,0.6331,0.63345,16.80,1.60
2010.06.28 12:10:47.057,0.6331,0.63345,16.90,1.60
2010.06.28 12:10:47.168,0.6331,0.63345,16.90,1.00
2010.06.28 12:10:47.444,0.63315,0.63345,7.20,1.00
2010.06.28 12:10:47.550,0.63315,0.63345,12.00,1.00
2010.06.28 12:10:48.851,0.63315,0.6335,14.40,8.80
2010.06.28 12:10:49.302,0.6332,0.6335,7.20,1.00
2010.06.28 12:10:49.567,0.6332,0.63355,7.20,16.00
2010.06.28 12:10:49.837,0.6332,0.6335,7.20,1.00
2010.06.28 12:10:50.177,0.6332,0.6335,7.20,1.00
2010.06.28 12:10:51.807,0.6332,0.6335,9.60,1.00
2010.06.28 12:10:52.048,0.6332,0.6335,7.20,1.00
2010.06.28 12:10:54.594,0.6332,0.6335,7.20,4.40
2010.06.28 12:10:54.818,0.63315,0.6335,12.80,11.20
2010.06.28 12:10:55.052,0.6332,0.6335,4.80,4.00
2010.06.28 12:10:55.666,0.63325,0.63355,7.20,1.00
2010.06.28 12:11:02.589,0.63325,0.63355,7.30,1.00
2010.06.28 12:11:05.928,0.6333,0.6336,2.40,15.20
2010.06.28 12:11:06.188,0.6333,0.6336,2.40,3.20
2010.06.28 12:11:06.698,0.6333,0.6336,2.50,3.20
2010.06.28 12:11:06.919,0.6333,0.6336,2.40,3.20
2010.06.28 12:11:07.138,0.6333,0.6336,2.50,3.20
2010.06.28 12:11:09.286,0.6333,0.6336,2.40,3.20
2010.06.28 12:11:09.436,0.63325,0.63355,13.70,1.60
2010.06.28 12:11:09.587,0.63325,0.63355,10.50,2.40
2010.06.28 12:11:09.737,0.6332,0.63355,16.90,2.40
2010.06.28 12:11:12.467,0.6332,0.6335,15.30,1.00
2010.06.28 12:11:12.870,0.6332,0.6335,14.50,1.00
2010.06.28 12:11:13.207,0.6332,0.6335,2.40,1.00
2010.06.28 12:11:18.378,0.6332,0.6335,7.20,1.00
2010.06.28 12:11:18.476,0.6332,0.6335,12.00,1.00
2010.06.28 12:11:21.150,0.6332,0.6335,12.00,1.00
2010.06.28 12:11:23.577,0.6332,0.6335,7.20,1.00
2010.06.28 12:11:23.796,0.6332,0.6335,12.00,1.00
2010.06.28 12:11:25.180,0.6332,0.6335,2.40,1.00
2010.06.28 12:11:35.444,0.6331,0.63345,7.20,11.20
2010.06.28 12:11:35.791,0.63305,0.6334,14.40,11.20
2010.06.28 12:11:36.140,0.6331,0.6334,1.00,8.00
2010.06.28 12:11:36.330,0.63305,0.6334,14.40,8.80
2010.06.28 12:11:36.521,0.63305,0.63335,8.80,5.60
2010.06.28 12:11:36.709,0.63305,0.63335,1.00,2.40
2010.06.28 12:11:37.044,0.63305,0.6334,1.00,15.20
2010.06.28 12:11:38.917,0.63305,0.63335,1.00,3.20
2010.06.28 12:11:39.048,0.63305,0.63335,1.00,8.00
2010.06.28 12:11:40.708,0.6331,0.6334,10.40,1.00
2010.06.28 12:11:41.097,0.6331,0.6334,9.60,1.60
2010.06.28 12:11:41.708,0.6331,0.6334,4.80,6.40
2010.06.28 12:11:41.968,0.633,0.63335,12.10,8.80
2010.06.28 12:11:42.456,0.633,0.63335,12.00,8.80
2010.06.28 12:11:42.707,0.633,0.63335,12.10,8.80
2010.06.28 12:11:47.628,0.633,0.63335,12.00,8.80
2010.06.28 12:11:49.903,0.633,0.63335,12.10,8.80
2010.06.28 12:11:50.407,0.633,0.63335,12.00,8.80
2010.06.28 12:11:53.757,0.633,0.63335,11.30,8.80
2010.06.28 12:11:53.877,0.633,0.6333,1.60,2.40
2010.06.28 12:11:53.996,0.633,0.6333,1.00,2.40
2010.06.28 12:11:54.107,0.63295,0.6333,16.10,3.20
2010.06.28 12:11:56.174,0.63295,0.63325,1.00,1.00
2010.06.28 12:11:57.507,0.6329,0.63325,19.30,1.00
2010.06.28 12:12:01.508,0.633,0.63325,4.00,1.00
2010.06.28 12:12:01.921,0.633,0.63325,12.00,1.00
2010.06.28 12:12:02.287,0.63305,0.63325,1.00,1.00
2010.06.28 12:12:02.657,0.633,0.63325,5.60,1.00
2010.06.28 12:12:02.786,0.633,0.63325,1.00,1.00
2010.06.28 12:12:02.919,0.63295,0.63325,3.20,1.00
2010.06.28 12:12:03.257,0.633,0.63325,3.20,1.00
2010.06.28 12:12:12.506,0.633,0.6333,3.20,3.20
2010.06.28 12:12:13.917,0.633,0.6333,3.20,2.40
2010.06.28 12:12:14.048,0.633,0.63335,4.00,13.60
2010.06.28 12:12:14.180,0.633,0.63335,11.20,13.60
2010.06.28 12:12:14.813,0.633,0.63335,15.20,5.60
2010.06.28 12:12:15.281,0.633,0.6333,1.00,2.40
2010.06.28 12:12:21.701,0.63295,0.63325,1.60,2.40
2010.06.28 12:12:22.300,0.6329,0.63325,18.40,3.40
2010.06.28 12:12:23.418,0.6329,0.63325,13.60,13.00
2010.06.28 12:12:24.551,0.6329,0.63325,13.60,12.80
2010.06.28 12:12:28.720,0.6329,0.63325,13.60,8.00
2010.06.28 12:12:29.128,0.6329,0.63325,13.70,8.00
2010.06.28 12:12:29.770,0.6329,0.63325,12.80,8.00
2010.06.28 12:12:31.308,0.63295,0.63325,2.40,5.60
2010.06.28 12:12:31.627,0.63295,0.63325,2.40,1.00
2010.06.28 12:12:32.308,0.63295,0.63325,1.00,3.20
2010.06.28 12:12:32.427,0.6329,0.63325,13.60,8.00
2010.06.28 12:12:33.387,0.6329,0.63325,12.80,8.00
2010.06.28 12:12:37.348,0.63295,0.63325,1.60,8.00
2010.06.28 12:12:37.485,0.63295,0.63325,9.60,1.00
2010.06.28 12:12:39.245,0.63295,0.63325,4.80,1.00
2010.06.28 12:12:39.343,0.63295,0.63325,2.40,3.20
2010.06.28 12:12:39.421,0.63295,0.6332,2.40,2.40
2010.06.28 12:12:39.489,0.63295,0.6332,1.00,4.80
2010.06.28 12:12:39.742,0.63285,0.6332,4.00,15.20
2010.06.28 12:12:39.821,0.6329,0.63325,3.20,14.10
2010.06.28 12:12:40.515,0.6329,0.63325,11.20,13.00
2010.06.28 12:12:41.205,0.6329,0.63325,4.00,13.00
2010.06.28 12:12:42.978,0.6329,0.63325,11.20,13.00
2010.06.28 12:12:47.831,0.6329,0.63325,11.20,12.80
2010.06.28 12:12:49.397,0.63295,0.63325,1.00,8.00
2010.06.28 12:12:49.608,0.63295,0.63325,1.00,1.00
2010.06.28 12:12:55.610,0.63295,0.63325,1.00,12.00
2010.06.28 12:12:57.570,0.63295,0.63325,1.00,12.10
2010.06.28 12:12:58.368,0.63295,0.63325,1.00,12.00
2010.06.28 12:12:59.591,0.63295,0.63325,1.00,12.20
2010.06.28 12:13:00.377,0.63295,0.63325,1.00,12.00
2010.06.28 12:13:01.531,0.63295,0.63325,1.00,12.20
2010.06.28 12:13:03.201,0.6329,0.6332,4.00,2.40
2010.06.28 12:13:03.544,0.63295,0.6332,4.80,4.80
2010.06.28 12:13:03.889,0.63295,0.6333,9.60,12.80
2010.06.28 12:13:08.881,0.63295,0.6333,9.70,12.80
2010.06.28 12:13:09.367,0.633,0.6333,2.40,8.00
2010.06.28 12:13:09.672,0.633,0.63335,11.20,15.20
2010.06.28 12:13:10.280,0.63305,0.63335,1.00,15.20
2010.06.28 12:13:10.620,0.63305,0.63335,1.00,3.20
2010.06.28 12:13:11.752,0.63305,0.63335,1.00,2.40
2010.06.28 12:13:16.639,0.6331,0.63335,2.40,1.00
2010.06.28 12:13:16.777,0.6331,0.6334,3.20,1.00
2010.06.28 12:13:23.817,0.6332,0.6334,2.40,1.00
2010.06.28 12:13:24.084,0.63315,0.63345,12.00,2.40
2010.06.28 12:13:24.434,0.63315,0.63345,1.00,9.60
2010.06.28 12:13:24.800,0.6331,0.63345,5.60,14.40
2010.06.28 12:13:25.147,0.6331,0.63345,3.20,15.20
2010.06.28 12:13:26.377,0.6331,0.63345,3.20,15.30
2010.06.28 12:13:26.785,0.6331,0.63345,3.20,15.40
2010.06.28 12:13:27.437,0.6331,0.63345,3.20,15.20
2010.06.28 12:13:28.691,0.6331,0.63345,3.20,15.40
2010.06.28 12:13:32.931,0.6331,0.63345,3.20,15.20
2010.06.28 12:13:33.304,0.6331,0.63345,3.20,15.30
2010.06.28 12:13:33.802,0.6331,0.63345,3.20,15.20
2010.06.28 12:13:34.616,0.6331,0.63345,3.20,15.30
2010.06.28 12:13:40.500,0.6331,0.63345,3.20,15.20
2010.06.28 12:13:47.074,0.6331,0.63345,3.30,15.20
2010.06.28 12:13:49.226,0.63315,0.63345,1.00,15.20
2010.06.28 12:13:50.927,0.63315,0.63345,1.00,15.20
2010.06.28 12:13:53.031,0.6331,0.63345,4.90,15.20
2010.06.28 12:13:53.353,0.6331,0.63345,4.80,15.20
2010.06.28 12:13:53.675,0.6331,0.63345,4.00,15.60
2010.06.28 12:13:53.992,0.6331,0.6334,3.20,7.20
2010.06.28 12:13:54.344,0.6331,0.6334,2.40,12.00
2010.06.28 12:13:54.851,0.63305,0.6334,3.20,15.20
2010.06.28 12:13:55.198,0.6331,0.63345,3.20,15.40
2010.06.28 12:13:55.543,0.6331,0.6334,3.20,1.00
2010.06.28 12:14:00.727,0.6331,0.6334,3.20,1.00
2010.06.28 12:14:03.038,0.63315,0.6334,1.00,1.00
2010.06.28 12:14:05.648,0.6331,0.6334,3.20,1.00
2010.06.28 12:14:06.673,0.63315,0.6334,1.00,1.00
2010.06.28 12:14:09.507,0.6332,0.63345,3.20,1.00
2010.06.28 12:14:09.745,0.63315,0.6335,14.40,2.40
2010.06.28 12:14:10.169,0.63315,0.6335,14.50,2.40
2010.06.28 12:14:10.517,0.6333,0.6335,2.40,8.00
2010.06.28 12:14:10.866,0.6333,0.6336,3.20,1.00
2010.06.28 12:14:11.210,0.63325,0.63355,9.60,1.00
2010.06.28 12:14:11.551,0.6332,0.63355,4.80,12.80
2010.06.28 12:14:11.889,0.6332,0.63355,7.20,12.80
2010.06.28 12:14:12.208,0.6332,0.63355,4.80,12.80
2010.06.28 12:14:12.849,0.63325,0.63355,1.00,10.40
2010.06.28 12:14:13.170,0.63325,0.6336,1.60,17.60
2010.06.28 12:14:13.512,0.63325,0.6336,1.60,18.80
2010.06.28 12:14:13.839,0.63325,0.6336,1.70,18.80
2010.06.28 12:14:14.250,0.63325,0.6336,1.60,18.80
2010.06.28 12:14:15.127,0.63325,0.6336,1.70,18.80
2010.06.28 12:14:15.917,0.63325,0.6336,1.60,18.80
2010.06.28 12:14:16.857,0.63325,0.6336,1.60,16.40
2010.06.28 12:14:17.197,0.63325,0.6336,1.00,17.20
2010.06.28 12:14:17.537,0.63325,0.63355,1.00,11.20
2010.06.28 12:14:17.876,0.63325,0.63355,1.00,13.60
2010.06.28 12:14:22.157,0.63325,0.63355,1.00,8.80
2010.06.28 12:14:25.436,0.63325,0.63355,1.00,7.20
2010.06.28 12:14:25.672,0.6332,0.63355,12.00,8.00
2010.06.28 12:14:26.871,0.63325,0.63355,1.00,12.80
2010.06.28 12:14:27.220,0.63325,0.63355,1.00,1.00
2010.06.28 12:14:27.900,0.6332,0.63355,16.90,1.00
2010.06.28 12:14:28.241,0.6332,0.63355,10.50,4.80
2010.06.28 12:14:28.579,0.63325,0.63355,1.00,4.80
2010.06.28 12:14:29.055,0.63325,0.63355,1.00,1.00
2010.06.28 12:14:29.741,0.6332,0.63345,3.20,11.20
2010.06.28 12:14:30.081,0.63325,0.6336,2.40,16.80
2010.06.28 12:14:30.581,0.63325,0.63355,1.00,4.80
2010.06.28 12:14:30.971,0.6332,0.63355,4.90,12.00
2010.06.28 12:14:32.767,0.63325,0.63355,1.00,12.00
2010.06.28 12:14:33.055,0.63325,0.63355,1.00,7.20
2010.06.28 12:14:33.307,0.63325,0.63355,1.00,1.00
2010.06.28 12:14:34.889,0.6333,0.6336,3.20,15.20
2010.06.28 12:14:35.137,0.6333,0.6336,3.20,10.40
2010.06.28 12:14:35.487,0.6333,0.6336,1.00,12.00
2010.06.28 12:14:35.830,0.63325,0.6336,2.40,16.80
2010.06.28 12:14:44.560,0.6333,0.63345,2.40,1.60
2010.06.28 12:14:44.903,0.6333,0.6335,3.20,12.00
2010.06.28 12:14:45.258,0.63325,0.6336,2.40,16.80
2010.06.28 12:14:46.762,0.6332,0.63355,4.80,12.80
2010.06.28 12:14:47.099,0.6332,0.63355,3.20,14.40
2010.06.28 12:14:47.437,0.6332,0.6335,3.20,1.00
2010.06.28 12:14:50.174,0.63325,0.6335,1.00,1.00
2010.06.28 12:14:50.680,0.6332,0.6335,3.20,1.00
2010.06.28 12:14:55.445,0.6332,0.6335,4.00,1.00
2010.06.28 12:14:55.767,0.6332,0.63355,4.80,13.60
2010.06.28 12:14:56.016,0.63325,0.63355,1.00,9.60
2010.06.28 12:14:56.361,0.63325,0.6336,1.60,16.80
2010.06.28 12:14:59.210,0.6332,0.6335,10.40,6.40
2010.06.28 12:14:59.491,0.6332,0.6335,1.00,16.00
2010.06.28 12:15:00.425,0.6332,0.6335,1.60,14.40
2010.06.28 12:15:00.976,0.6332,0.6335,4.80,13.60
2010.06.28 12:15:01.326,0.63325,0.63355,1.60,1.00
2010.06.28 12:15:02.533,0.6332,0.63355,5.60,13.60
2010.06.28 12:15:02.688,0.6332,0.63355,4.80,13.60
2010.06.28 12:15:03.032,0.6332,0.6335,1.00,16.00
2010.06.28 12:15:03.758,0.6332,0.6335,4.80,9.60
2010.06.28 12:15:04.101,0.6332,0.63355,4.80,16.00
2010.06.28 12:15:05.603,0.63325,0.63355,1.60,4.00
2010.06.28 12:15:05.955,0.63325,0.6336,2.40,17.60
2010.06.28 12:15:06.301,0.6333,0.6336,3.20,2.40
2010.06.28 12:15:10.601,0.63335,0.6336,1.00,1.00
2010.06.28 12:15:11.128,0.6333,0.63355,2.40,5.60
2010.06.28 12:15:11.471,0.63325,0.6336,2.40,17.60
2010.06.28 12:15:12.313,0.6333,0.6336,1.00,15.20
2010.06.28 12:15:12.563,0.6333,0.6336,1.00,16.80
2010.06.28 12:15:13.928,0.63325,0.6336,2.40,17.60
2010.06.28 12:15:14.751,0.6333,0.6336,1.00,16.80
2010.06.28 12:15:14.929,0.6333,0.6336,3.20,10.40
2010.06.28 12:15:15.268,0.6333,0.6336,4.00,10.40
2010.06.28 12:15:15.616,0.6333,0.63365,4.00,16.00
2010.06.28 12:15:17.497,0.6333,0.63365,4.00,16.10
2010.06.28 12:15:21.561,0.6333,0.63365,4.00,16.00
2010.06.28 12:15:28.670,0.63335,0.63365,1.00,14.40
2010.06.28 12:15:28.920,0.63335,0.63365,2.50,4.00
2010.06.28 12:15:29.287,0.63335,0.63365,2.50,1.60
2010.06.28 12:15:29.873,0.6334,0.6337,4.80,7.20
2010.06.28 12:15:30.161,0.6334,0.63375,4.80,12.00
2010.06.28 12:15:30.461,0.6334,0.63375,4.90,12.00
2010.06.28 12:15:32.094,0.6334,0.63375,4.80,12.00
2010.06.28 12:15:32.689,0.63345,0.63375,1.00,7.20
2010.06.28 12:15:37.125,0.63345,0.63375,1.00,1.00
2010.06.28 12:15:37.424,0.63345,0.63375,1.00,8.00
2010.06.28 12:15:48.998,0.63345,0.63375,1.00,1.00
2010.06.28 12:16:20.474,0.6334,0.63375,6.40,10.40
2010.06.28 12:16:20.745,0.6334,0.6337,2.40,1.00
2010.06.28 12:16:21.012,0.63335,0.6337,9.60,16.00
2010.06.28 12:16:22.685,0.63335,0.6337,8.80,16.00
2010.06.28 12:16:24.318,0.63335,0.6337,8.90,16.00
2010.06.28 12:16:24.590,0.63335,0.6337,8.80,16.00
2010.06.28 12:16:25.580,0.63335,0.6337,8.00,16.40
2010.06.28 12:16:25.882,0.6333,0.63365,12.00,12.80
2010.06.28 12:16:27.355,0.6333,0.63365,12.10,12.80
2010.06.28 12:16:27.478,0.63335,0.63365,1.00,12.80
2010.06.28 12:16:28.373,0.63335,0.63365,1.00,1.00
2010.06.28 12:16:30.848,0.6334,0.6337,1.00,12.80
2010.06.28 12:16:31.253,0.6334,0.6337,3.20,15.20
2010.06.28 12:16:31.485,0.6334,0.6337,3.20,13.60
2010.06.28 12:16:32.031,0.6334,0.6337,3.20,10.40
2010.06.28 12:16:32.372,0.6334,0.6337,3.20,1.00
2010.06.28 12:16:41.301,0.6334,0.6337,10.40,1.00
2010.06.28 12:16:41.609,0.6334,0.6337,3.20,1.00
2010.06.28 12:16:47.319,0.63345,0.6337,9.60,1.00
2010.06.28 12:16:47.419,0.6335,0.6337,1.00,1.00
2010.06.28 12:16:47.521,0.6335,0.63375,3.20,1.00
2010.06.28 12:16:47.619,0.6335,0.63375,2.40,1.00
2010.06.28 12:16:47.721,0.63345,0.63375,2.40,1.00
2010.06.28 12:16:47.818,0.63345,0.63375,2.40,1.00
2010.06.28 12:16:48.130,0.6334,0.63375,4.00,13.60
2010.06.28 12:16:48.469,0.6334,0.63375,11.20,13.60
2010.06.28 12:16:49.361,0.6334,0.6337,4.00,7.20
2010.06.28 12:16:49.624,0.6334,0.63375,11.20,13.60
2010.06.28 12:16:50.698,0.6334,0.63375,11.30,13.60
2010.06.28 12:16:51.377,0.6334,0.63375,11.20,13.60
2010.06.28 12:16:51.719,0.6334,0.63375,4.00,13.60
2010.06.28 12:16:52.061,0.6334,0.63375,8.90,13.60
2010.06.28 12:16:52.399,0.6334,0.63375,11.20,13.60
2010.06.28 12:16:52.617,0.6334,0.63375,11.30,13.60
2010.06.28 12:16:53.402,0.6334,0.63375,11.20,13.60
2010.06.28 12:16:57.720,0.6335,0.63375,2.40,13.60
2010.06.28 12:16:57.889,0.6334,0.63375,11.20,13.60
2010.06.28 12:17:11.347,0.63345,0.63375,1.00,13.60
2010.06.28 12:17:13.487,0.63345,0.63375,1.00,11.20
2010.06.28 12:17:13.679,0.6335,0.63375,3.20,1.60
2010.06.28 12:17:14.414,0.6334,0.6336,7.20,1.00
2010.06.28 12:17:14.738,0.6334,0.6337,3.20,8.00
2010.06.28 12:17:17.112,0.63345,0.6337,1.00,4.80
2010.06.28 12:17:17.339,0.63345,0.63375,1.00,15.20
2010.06.28 12:17:17.571,0.6335,0.63375,3.20,1.00
2010.06.28 12:17:17.861,0.6335,0.6338,3.20,15.20
2010.06.28 12:17:18.095,0.6333,0.63355,2.00,9.60
2010.06.28 12:17:18.322,0.63335,0.63365,1.00,6.40
2010.06.28 12:17:18.673,0.6333,0.63365,16.80,8.00
2010.06.28 12:17:19.022,0.6333,0.63365,16.80,8.00
2010.06.28 12:17:20.090,0.6333,0.63365,7.20,14.40
2010.06.28 12:17:20.465,0.6333,0.63365,4.80,14.40
2010.06.28 12:17:22.107,0.6333,0.63365,4.80,14.50
2010.06.28 12:17:25.142,0.6333,0.63365,4.80,14.40
2010.06.28 12:17:25.517,0.6333,0.63365,4.80,14.50
2010.06.28 12:17:27.580,0.6333,0.63365,4.80,14.40
2010.06.28 12:17:28.742,0.6333,0.63365,4.80,14.50
2010.06.28 12:17:30.090,0.6333,0.63365,4.80,14.40
2010.06.28 12:17:31.414,0.6333,0.6336,2.40,1.00
2010.06.28 12:17:31.651,0.63325,0.6336,2.40,15.20
2010.06.28 12:17:32.971,0.63325,0.6336,2.40,15.40
2010.06.28 12:17:33.375,0.63325,0.6336,2.40,15.20
2010.06.28 12:17:38.331,0.6332,0.6333,12.80,1.00
2010.06.28 12:17:38.543,0.63305,0.6333,1.00,1.00
2010.06.28 12:17:38.883,0.633,0.6333,5.60,7.20
2010.06.28 12:17:39.279,0.633,0.6333,8.80,2.40
2010.06.28 12:17:39.622,0.63305,0.63335,1.00,12.80
2010.06.28 12:17:39.872,0.633,0.6333,6.40,4.80
2010.06.28 12:17:40.120,0.633,0.6333,3.20,11.20
2010.06.28 12:17:40.365,0.633,0.6333,1.00,11.20
2010.06.28 12:17:40.611,0.63295,0.63325,2.50,7.20
2010.06.28 12:17:41.289,0.63295,0.63325,2.40,7.20
2010.06.28 12:17:41.882,0.63295,0.63325,2.50,7.20
2010.06.28 12:17:43.240,0.63295,0.63325,2.40,7.20
2010.06.28 12:17:43.422,0.63295,0.63325,1.60,8.00
2010.06.28 12:17:43.602,0.63295,0.63325,1.00,8.00
2010.06.28 12:17:50.528,0.63295,0.63325,1.00,5.60
2010.06.28 12:17:50.828,0.63295,0.63325,1.00,1.00
2010.06.28 12:17:51.441,0.63295,0.63325,1.00,3.20
2010.06.28 12:17:51.777,0.63295,0.63325,1.00,8.00
2010.06.28 12:17:52.548,0.6329,0.63325,4.00,12.80
2010.06.28 12:17:52.749,0.6329,0.6332,2.40,1.00
2010.06.28 12:17:57.148,0.63295,0.6332,1.00,1.00
2010.06.28 12:17:57.418,0.6329,0.6332,8.00,1.00
2010.06.28 12:17:58.009,0.6329,0.6332,3.20,1.00
2010.06.28 12:17:58.909,0.6329,0.6332,3.20,1.00
2010.06.28 12:17:59.251,0.6329,0.63315,1.00,1.00
2010.06.28 12:17:59.589,0.6329,0.6332,3.20,1.00
2010.06.28 12:17:59.927,0.6329,0.6332,3.20,1.00
2010.06.28 12:18:00.680,0.6329,0.6332,3.30,1.00
2010.06.28 12:18:00.928,0.6329,0.6332,3.20,1.00
2010.06.28 12:18:01.585,0.6329,0.6332,3.30,1.00
2010.06.28 12:18:02.989,0.6329,0.63325,4.10,12.80
2010.06.28 12:18:03.597,0.6329,0.63325,8.80,8.00
2010.06.28 12:18:03.770,0.63295,0.63325,1.00,1.00
2010.06.28 12:18:06.147,0.63295,0.63325,12.80,1.00
2010.06.28 12:18:06.390,0.63295,0.63325,1.00,1.00
2010.06.28 12:18:15.901,0.63295,0.63325,1.00,3.20
2010.06.28 12:18:16.179,0.6329,0.63325,16.00,8.00
2010.06.28 12:18:16.470,0.6329,0.63325,16.00,3.20
2010.06.28 12:18:16.750,0.63295,0.63325,1.00,10.40
2010.06.28 12:18:19.580,0.63295,0.63325,1.00,1.00
2010.06.28 12:18:20.151,0.63295,0.6333,1.70,17.60
2010.06.28 12:18:20.494,0.633,0.6333,1.00,17.60
2010.06.28 12:18:21.010,0.633,0.6333,8.80,1.00
2010.06.28 12:18:21.350,0.63305,0.63335,1.00,7.20
2010.06.28 12:18:22.028,0.63305,0.63335,1.60,7.20
2010.06.28 12:18:22.370,0.633,0.63325,2.40,9.60
2010.06.28 12:18:22.580,0.63305,0.6333,1.60,2.40
2010.06.28 12:18:22.789,0.63305,0.63335,1.60,7.20
2010.06.28 12:18:24.529,0.63305,0.63325,1.60,13.60
2010.06.28 12:18:24.658,0.633,0.63325,1.00,14.40
2010.06.28 12:18:24.789,0.6329,0.63325,4.90,12.80
2010.06.28 12:18:24.919,0.63295,0.63325,1.00,8.00
2010.06.28 12:18:25.122,0.633,0.63325,4.80,3.20
2010.06.28 12:18:25.267,0.633,0.63335,1.60,12.80
2010.06.28 12:18:26.060,0.633,0.63335,2.40,12.80
2010.06.28 12:18:26.399,0.633,0.63335,2.50,12.80
2010.06.28 12:18:27.470,0.633,0.6333,1.60,9.60
2010.06.28 12:18:27.815,0.633,0.6333,1.00,16.00
2010.06.28 12:18:28.078,0.63295,0.6333,1.60,17.60
2010.06.28 12:18:34.359,0.63295,0.6333,1.70,17.60
2010.06.28 12:18:40.147,0.633,0.6333,3.20,17.60
2010.06.28 12:18:40.249,0.633,0.6333,3.20,16.00
2010.06.28 12:18:40.348,0.633,0.6333,3.20,11.20
2010.06.28 12:18:49.819,0.633,0.6333,8.80,5.60
2010.06.28 12:18:50.041,0.633,0.6333,9.60,4.80
2010.06.28 12:18:50.260,0.63305,0.63335,1.00,12.00
2010.06.28 12:18:57.328,0.63305,0.63335,1.60,12.00
2010.06.28 12:18:57.447,0.63305,0.63335,2.40,12.00
2010.06.28 12:19:00.152,0.63305,0.63335,5.60,9.60
2010.06.28 12:19:00.310,0.6331,0.63335,4.80,9.60
2010.06.28 12:19:00.581,0.6332,0.6335,2.40,12.80
2010.06.28 12:19:00.851,0.6332,0.6335,3.20,1.00
2010.06.28 12:19:02.182,0.6332,0.63355,4.80,14.60
2010.06.28 12:19:02.500,0.6332,0.6335,3.20,1.00
2010.06.28 12:19:03.810,0.6331,0.63345,4.80,12.80
2010.06.28 12:19:04.088,0.63315,0.63345,1.00,1.00
2010.06.28 12:19:30.552,0.63315,0.63345,1.00,2.40
2010.06.28 12:19:30.809,0.6331,0.63345,16.90,2.40
2010.06.28 12:19:31.150,0.6331,0.63345,4.80,14.40
2010.06.28 12:19:37.033,0.6331,0.63335,1.60,7.20
2010.06.28 12:19:37.349,0.63305,0.63335,3.20,7.20
2010.06.28 12:19:37.658,0.63305,0.63335,2.40,7.20
2010.06.28 12:19:38.328,0.63305,0.6333,1.60,7.20
2010.06.28 12:19:38.508,0.63305,0.6333,1.60,9.60
2010.06.28 12:19:38.878,0.633,0.6333,4.80,9.60
2010.06.28 12:19:39.561,0.6331,0.63335,2.40,12.00
2010.06.28 12:19:39.902,0.63305,0.6334,8.00,16.00
2010.06.28 12:19:39.988,0.63305,0.63335,3.20,4.80
2010.06.28 12:19:40.078,0.63305,0.63335,1.00,12.00
2010.06.28 12:19:57.770,0.63305,0.63335,3.20,9.60
2010.06.28 12:19:58.112,0.63305,0.6334,13.60,1.00
2010.06.28 12:19:58.270,0.63305,0.6334,1.60,12.80
2010.06.28 12:19:58.567,0.63305,0.6334,2.40,12.80
2010.06.28 12:20:00.803,0.63305,0.6334,2.40,14.40
2010.06.28 12:20:01.015,0.63305,0.6334,1.60,15.30
2010.06.28 12:20:01.222,0.63305,0.6334,1.60,18.60
2010.06.28 12:20:01.454,0.63305,0.63335,1.60,2.40
2010.06.28 12:20:01.669,0.63305,0.63335,1.60,12.00
2010.06.28 12:20:02.010,0.63305,0.63335,1.00,12.80
2010.06.28 12:20:02.350,0.63305,0.63335,1.00,8.00
2010.06.28 12:20:05.224,0.63305,0.63335,1.60,7.20
2010.06.28 12:20:05.949,0.63305,0.63335,1.60,2.40
2010.06.28 12:20:07.548,0.63305,0.63335,1.60,7.20
2010.06.28 12:20:08.996,0.63305,0.63335,1.00,7.30
2010.06.28 12:20:09.273,0.63295,0.6333,9.60,14.40
2010.06.28 12:20:09.459,0.63295,0.6333,9.60,14.40
2010.06.28 12:20:10.199,0.633,0.6333,6.40,4.80
2010.06.28 12:20:10.490,0.6331,0.63335,3.20,2.40
2010.06.28 12:20:10.956,0.6332,0.63345,2.40,9.60
2010.06.28 12:20:11.241,0.63315,0.63345,9.60,4.80
2010.06.28 12:20:11.796,0.6331,0.6334,12.00,2.40
2010.06.28 12:20:12.144,0.6331,0.6334,3.30,9.60
2010.06.28 12:20:12.495,0.6331,0.63335,1.00,2.40
2010.06.28 12:20:12.842,0.633,0.6333,5.70,2.40
2010.06.28 12:20:13.182,0.633,0.6333,4.80,2.40
2010.06.28 12:20:14.030,0.633,0.63335,4.90,12.80
2010.06.28 12:20:14.370,0.63305,0.6334,1.70,15.20
2010.06.28 12:20:14.712,0.6331,0.6334,3.20,3.20
2010.06.28 12:20:15.061,0.6331,0.6334,3.20,1.00
2010.06.28 12:20:15.888,0.6331,0.6334,8.00,1.00
2010.06.28 12:20:17.541,0.6331,0.6334,4.80,5.60
2010.06.28 12:20:17.861,0.63305,0.6334,12.00,5.60
2010.06.28 12:20:19.822,0.63305,0.6334,2.40,15.20
2010.06.28 12:20:21.069,0.63305,0.6334,9.60,15.20
2010.06.28 12:20:21.379,0.63305,0.6334,2.40,15.20
2010.06.28 12:20:22.371,0.63305,0.6334,2.50,15.20
2010.06.28 12:20:22.680,0.6331,0.6334,4.80,10.40
2010.06.28 12:20:22.989,0.63315,0.63345,1.00,8.00
2010.06.28 12:20:23.300,0.6331,0.63345,1.00,10.40
2010.06.28 12:20:23.558,0.6331,0.63345,1.00,15.20
2010.06.28 12:20:25.318,0.6331,0.63345,1.00,15.30
2010.06.28 12:20:26.258,0.63315,0.63345,1.00,15.20
2010.06.28 12:20:26.537,0.63315,0.63345,1.00,8.00
2010.06.28 12:20:27.201,0.6331,0.63345,8.00,9.60
2010.06.28 12:20:27.426,0.63315,0.6334,1.00,1.00
2010.06.28 12:20:28.868,0.6331,0.6334,3.20,1.00
2010.06.28 12:20:29.169,0.6331,0.6334,1.00,1.00
2010.06.28 12:20:34.008,0.63315,0.6334,1.00,1.00
2010.06.28 12:20:34.354,0.6331,0.6334,1.00,1.00
2010.06.28 12:20:34.705,0.6331,0.6334,2.50,1.00
2010.06.28 12:20:35.054,0.63315,0.6334,1.00,1.00
2010.06.28 12:20:35.401,0.63315,0.63345,1.00,9.60
2010.06.28 12:20:39.717,0.63315,0.63345,1.00,4.80
2010.06.28 12:20:40.132,0.6331,0.63345,16.90,4.80
2010.06.28 12:20:40.720,0.6331,0.6334,12.90,1.00
2010.06.28 12:20:41.206,0.6331,0.6334,4.90,1.00
2010.06.28 12:20:41.551,0.6331,0.6334,1.00,1.00
2010.06.28 12:20:43.789,0.63305,0.6333,14.40,4.00
2010.06.28 12:20:44.021,0.63305,0.6333,1.60,16.00
2010.06.28 12:20:44.430,0.633,0.6333,1.70,16.00
2010.06.28 12:20:44.969,0.633,0.6333,4.00,13.60
2010.06.28 12:20:45.244,0.633,0.63335,16.90,1.00
2010.06.28 12:20:45.521,0.633,0.63335,9.70,10.40
2010.06.28 12:20:45.728,0.633,0.63335,9.70,12.80
2010.06.28 12:20:46.174,0.633,0.63335,2.50,12.80
2010.06.28 12:20:46.392,0.633,0.63335,2.40,14.40
2010.06.28 12:20:46.786,0.63305,0.63335,1.00,12.00
2010.06.28 12:20:47.133,0.63305,0.6334,1.00,16.00
2010.06.28 12:20:47.480,0.63305,0.6334,1.00,16.00
2010.06.28 12:20:56.949,0.63305,0.63335,1.00,12.00
2010.06.28 12:20:57.379,0.63305,0.63335,1.00,2.40
2010.06.28 12:20:57.696,0.63305,0.6334,1.00,16.00
2010.06.28 12:20:59.692,0.63305,0.6334,1.00,16.00
2010.06.28 12:21:00.450,0.6331,0.6334,1.00,11.20
2010.06.28 12:21:00.789,0.6331,0.6334,3.20,15.20
2010.06.28 12:21:01.469,0.63305,0.6334,1.70,15.20
2010.06.28 12:21:01.840,0.63305,0.6334,1.60,15.20
2010.06.28 12:21:02.023,0.63305,0.6334,14.40,1.00
2010.06.28 12:21:03.241,0.63305,0.6334,12.00,5.60
2010.06.28 12:21:03.582,0.63305,0.63335,1.60,1.00
2010.06.28 12:21:03.922,0.63305,0.63335,1.60,1.00
2010.06.28 12:21:04.254,0.63305,0.6333,1.00,6.40
2010.06.28 12:21:04.594,0.633,0.6333,1.00,16.00
2010.06.28 12:21:09.557,0.633,0.6333,1.00,14.40
2010.06.28 12:21:12.168,0.633,0.6333,1.60,14.40
2010.06.28 12:21:12.458,0.633,0.6333,1.60,9.60
2010.06.28 12:21:12.749,0.633,0.63335,1.60,10.40
2010.06.28 12:21:13.165,0.633,0.63335,1.60,12.80
2010.06.28 12:21:17.764,0.633,0.6333,1.00,2.40
2010.06.28 12:21:17.839,0.633,0.6333,1.00,7.20
2010.06.28 12:21:17.918,0.633,0.6333,1.00,9.60
2010.06.28 12:21:18.142,0.633,0.6333,1.00,14.40
2010.06.28 12:21:22.649,0.633,0.63335,1.00,13.60
2010.06.28 12:21:22.980,0.633,0.63335,1.60,13.00
2010.06.28 12:21:24.465,0.63295,0.63325,12.80,2.40
2010.06.28 12:21:24.972,0.6329,0.63325,1.60,14.40
2010.06.28 12:21:25.270,0.63285,0.6332,13.60,5.60
2010.06.28 12:21:25.749,0.63285,0.6331,2.40,1.00
2010.06.28 12:21:26.097,0.63275,0.6331,7.20,10.40
2010.06.28 12:21:26.634,0.63275,0.6331,2.40,15.20
2010.06.28 12:21:26.979,0.6328,0.6331,1.00,15.20
2010.06.28 12:21:27.322,0.6328,0.6331,3.20,12.80
2010.06.28 12:21:27.661,0.6328,0.6331,3.20,3.20
2010.06.28 12:21:30.028,0.6328,0.6331,3.20,8.00
2010.06.28 12:21:30.408,0.6328,0.6331,3.20,10.40
2010.06.28 12:21:32.778,0.6328,0.6331,3.20,15.20
2010.06.28 12:21:33.118,0.6328,0.6331,3.20,10.40
2010.06.28 12:21:35.937,0.6328,0.6331,3.20,15.20
2010.06.28 12:21:36.279,0.6328,0.6331,1.00,15.20
2010.06.28 12:21:36.619,0.63275,0.6331,12.00,8.00
2010.06.28 12:21:36.787,0.63275,0.6331,14.40,8.00
2010.06.28 12:21:37.738,0.63275,0.6331,14.50,8.00
2010.06.28 12:21:38.083,0.6328,0.6331,1.00,7.20
2010.06.28 12:21:38.430,0.6328,0.6331,3.20,4.80
2010.06.28 12:21:38.870,0.6328,0.6331,6.40,4.80
2010.06.28 12:21:39.193,0.6328,0.63315,11.20,8.80
2010.06.28 12:21:41.969,0.6328,0.63315,3.20,8.80
2010.06.28 12:21:42.234,0.6328,0.6331,2.40,1.00
2010.06.28 12:21:42.490,0.63275,0.6331,7.20,10.40
2010.06.28 12:21:42.750,0.63275,0.63305,1.60,12.00
2010.06.28 12:21:43.430,0.63275,0.63305,2.40,2.40
2010.06.28 12:21:43.836,0.6328,0.6331,3.20,2.40
2010.06.28 12:21:44.140,0.6328,0.63315,3.20,12.80
2010.06.28 12:21:44.450,0.6328,0.63315,6.50,12.80
2010.06.28 12:21:44.788,0.6328,0.63315,12.10,7.20
2010.06.28 12:21:45.112,0.6329,0.6332,3.20,7.20
2010.06.28 12:21:45.933,0.6329,0.6332,2.40,14.40
2010.06.28 12:21:47.240,0.6329,0.63325,12.00,8.80
2010.06.28 12:21:47.548,0.6329,0.63325,16.80,3.20
2010.06.28 12:21:47.858,0.6329,0.63325,12.00,8.00
2010.06.28 12:21:48.168,0.6329,0.63325,16.80,3.20
2010.06.28 12:21:48.509,0.63295,0.63325,9.60,1.00
2010.06.28 12:21:48.850,0.633,0.63325,3.20,1.00
2010.06.28 12:21:50.019,0.63295,0.63325,1.00,1.00
2010.06.28 12:21:50.716,0.6329,0.63325,14.40,3.20
2010.06.28 12:21:51.032,0.6329,0.63325,9.60,8.00
2010.06.28 12:21:51.340,0.6329,0.63325,4.80,12.80
2010.06.28 12:21:55.716,0.6329,0.63325,4.00,12.80
2010.06.28 12:21:55.899,0.6329,0.6332,3.20,2.40
2010.06.28 12:21:56.278,0.6329,0.6332,3.20,1.00
2010.06.28 12:21:56.910,0.63295,0.63325,1.00,12.80
2010.06.28 12:21:57.679,0.63295,0.63325,1.00,1.00
2010.06.28 12:21:58.810,0.63295,0.63325,1.00,1.00
2010.06.28 12:21:59.149,0.63295,0.63325,1.00,8.00
2010.06.28 12:21:59.488,0.63295,0.63325,1.00,3.20
2010.06.28 12:21:59.828,0.63295,0.63325,1.00,5.60
2010.06.28 12:22:00.148,0.63295,0.63325,1.00,8.00
2010.06.28 12:22:01.459,0.63295,0.63325,1.70,7.20
2010.06.28 12:22:01.680,0.63295,0.6333,1.70,13.60
2010.06.28 12:22:01.900,0.63295,0.6333,9.70,12.80
2010.06.28 12:22:02.398,0.63295,0.6333,14.50,8.00
2010.06.28 12:22:03.000,0.63295,0.63325,1.00,1.00
2010.06.28 12:22:06.868,0.63295,0.6333,2.40,18.40
2010.06.28 12:22:07.209,0.63295,0.6333,2.40,17.60
2010.06.28 12:22:07.850,0.633,0.6333,3.20,12.80
2010.06.28 12:22:08.107,0.633,0.6333,3.20,10.40
2010.06.28 12:22:08.448,0.633,0.6333,3.20,5.60
2010.06.28 12:22:10.945,0.63295,0.6333,12.00,10.40
2010.06.28 12:22:11.156,0.63295,0.63325,2.40,4.80
2010.06.28 12:22:11.500,0.63295,0.6333,2.40,15.20
2010.06.28 12:22:16.538,0.63295,0.6333,2.50,15.20
2010.06.28 12:22:16.680,0.633,0.6333,4.00,12.80
2010.06.28 12:22:17.005,0.63305,0.6333,1.00,12.00
2010.06.28 12:22:17.225,0.63305,0.6334,1.00,17.80
2010.06.28 12:22:17.441,0.633,0.6334,17.60,18.60
2010.06.28 12:22:17.649,0.633,0.63335,12.80,12.00
2010.06.28 12:22:17.988,0.633,0.63335,12.00,12.00
2010.06.28 12:22:18.329,0.633,0.63335,4.80,15.20
2010.06.28 12:22:22.177,0.633,0.63335,4.80,14.40
2010.06.28 12:22:22.709,0.633,0.63335,4.80,12.80
2010.06.28 12:22:23.330,0.6331,0.63335,2.40,12.80
2010.06.28 12:22:23.492,0.6331,0.6334,3.20,1.00
2010.06.28 12:22:23.755,0.6331,0.6334,1.00,3.20
2010.06.28 12:22:23.927,0.633,0.6333,1.00,2.40
2010.06.28 12:22:24.092,0.633,0.6333,1.00,12.00
2010.06.28 12:22:24.430,0.633,0.63335,4.00,12.80
2010.06.28 12:22:24.779,0.633,0.63335,5.60,12.00
2010.06.28 12:22:32.590,0.633,0.63335,5.70,12.00
2010.06.28 12:22:33.439,0.633,0.63335,5.60,12.00
2010.06.28 12:22:36.169,0.633,0.6333,5.60,7.20
2010.06.28 12:22:36.369,0.633,0.6333,4.80,7.20
2010.06.28 12:22:40.910,0.633,0.63335,4.80,12.80
2010.06.28 12:22:41.148,0.633,0.63335,10.40,12.00
2010.06.28 12:22:41.495,0.633,0.63335,5.60,12.00
2010.06.28 12:22:42.044,0.633,0.6333,4.80,7.20
2010.06.28 12:22:44.500,0.63295,0.6333,2.40,16.00
2010.06.28 12:22:44.809,0.63295,0.6333,4.00,16.00
2010.06.28 12:22:45.420,0.63295,0.6333,4.00,16.20
2010.06.28 12:22:45.762,0.6329,0.63325,9.60,8.00
2010.06.28 12:22:46.099,0.6329,0.63325,4.80,12.80
2010.06.28 12:22:47.735,0.6329,0.63325,4.80,13.00
2010.06.28 12:22:48.280,0.63295,0.63325,1.60,3.40
2010.06.28 12:22:48.483,0.6329,0.63325,16.80,1.00
2010.06.28 12:22:48.831,0.6329,0.63325,4.80,12.80
2010.06.28 12:22:49.542,0.6329,0.63325,4.80,12.90
2010.06.28 12:22:49.768,0.6329,0.63325,6.40,13.00
2010.06.28 12:22:50.053,0.63295,0.63325,1.00,3.40
2010.06.28 12:22:50.282,0.63295,0.63325,1.00,1.00
2010.06.28 12:22:50.505,0.6329,0.6331,4.00,9.60
2010.06.28 12:22:50.764,0.6328,0.6331,3.20,12.80
2010.06.28 12:22:51.163,0.6328,0.63305,1.00,1.00
2010.06.28 12:22:51.426,0.6327,0.633,2.40,12.00
2010.06.28 12:22:51.688,0.63275,0.633,1.60,2.40
2010.06.28 12:22:52.032,0.6328,0.6331,3.20,12.80
2010.06.28 12:22:52.372,0.6328,0.63315,4.00,13.70
2010.06.28 12:22:52.709,0.6328,0.63315,4.00,13.80
2010.06.28 12:22:56.734,0.6328,0.6331,3.20,1.00
2010.06.28 12:22:56.990,0.63275,0.633,1.00,2.40
2010.06.28 12:22:57.331,0.63275,0.633,11.20,2.40
2010.06.28 12:22:57.826,0.63275,0.63305,2.40,6.40
2010.06.28 12:22:58.026,0.6327,0.633,1.60,7.20
2010.06.28 12:22:59.479,0.6327,0.633,1.00,14.40
2010.06.28 12:22:59.821,0.63275,0.63305,5.60,7.20
2010.06.28 12:23:00.161,0.6328,0.6331,2.40,9.60
2010.06.28 12:23:01.933,0.6328,0.6331,2.40,10.40
2010.06.28 12:23:02.271,0.63275,0.63305,2.40,2.40
2010.06.28 12:23:04.088,0.63275,0.63305,2.50,2.40
2010.06.28 12:23:04.931,0.63275,0.63305,2.40,2.40
2010.06.28 12:23:06.111,0.63275,0.63305,1.00,3.20
2010.06.28 12:23:06.386,0.63275,0.63305,1.00,8.00
2010.06.28 12:23:06.673,0.6327,0.63305,4.00,12.80
2010.06.28 12:23:06.965,0.63275,0.63305,1.00,1.00
2010.06.28 12:23:07.886,0.63275,0.63305,1.00,1.00
2010.06.28 12:23:10.099,0.63275,0.63305,1.00,1.00
2010.06.28 12:23:11.423,0.6327,0.63305,15.20,1.00
2010.06.28 12:23:11.776,0.63275,0.63305,1.00,5.70
2010.06.28 12:23:12.065,0.6327,0.633,2.40,15.20
2010.06.28 12:23:12.354,0.63265,0.63295,13.70,1.00
2010.06.28 12:23:12.640,0.63265,0.63295,5.60,1.00
2010.06.28 12:23:12.918,0.63265,0.63295,4.80,1.00
2010.06.28 12:23:13.202,0.63265,0.63295,14.50,1.00
2010.06.28 12:23:13.543,0.6327,0.633,3.20,4.00
2010.06.28 12:23:13.879,0.6327,0.633,8.00,1.00
2010.06.28 12:23:15.789,0.6327,0.633,3.20,1.00
2010.06.28 12:23:16.195,0.6327,0.6329,3.20,1.00
2010.06.28 12:23:16.526,0.6326,0.6329,4.80,1.00
2010.06.28 12:23:16.859,0.63255,0.63285,2.40,1.00
2010.06.28 12:23:17.191,0.63255,0.6329,3.20,13.60
2010.06.28 12:23:17.666,0.6326,0.63295,4.00,12.80
2010.06.28 12:23:18.014,0.63265,0.63295,1.60,12.00
2010.06.28 12:23:18.361,0.63265,0.63295,1.00,12.00
2010.06.28 12:23:27.577,0.6327,0.63295,3.20,12.00
2010.06.28 12:23:28.036,0.63275,0.63305,1.00,3.20
2010.06.28 12:23:28.728,0.63275,0.63305,1.00,3.20
2010.06.28 12:23:29.070,0.63275,0.63305,1.00,2.40
2010.06.28 12:23:29.409,0.63275,0.63305,1.00,2.40
2010.06.28 12:23:29.751,0.6328,0.6331,3.20,12.00
2010.06.28 12:23:32.741,0.63275,0.63305,9.60,4.80
2010.06.28 12:23:33.031,0.63275,0.63305,1.00,12.00
2010.06.28 12:23:33.571,0.63275,0.63305,1.00,2.40
2010.06.28 12:23:34.630,0.63265,0.633,2.40,14.40
2010.06.28 12:23:34.975,0.63265,0.633,1.60,16.00
2010.06.28 12:23:35.322,0.63265,0.63295,1.60,12.00
2010.06.28 12:23:36.831,0.63265,0.633,1.60,17.60
2010.06.28 12:23:37.170,0.63265,0.63295,1.60,12.00
2010.06.28 12:23:38.639,0.63265,0.633,1.60,17.60
2010.06.28 12:23:43.160,0.63265,0.633,1.70,17.60
2010.06.28 12:23:43.471,0.63265,0.633,2.50,14.40
2010.06.28 12:23:46.571,0.6327,0.633,2.40,4.80
2010.06.28 12:23:46.912,0.6327,0.633,3.20,1.00
2010.06.28 12:23:47.250,0.63265,0.633,12.00,4.80
2010.06.28 12:23:47.589,0.63265,0.633,2.40,14.40
2010.06.28 12:23:49.657,0.63265,0.633,4.80,12.00
2010.06.28 12:23:49.818,0.63265,0.633,9.60,7.20
2010.06.28 12:23:49.978,0.63265,0.633,14.40,2.40
2010.06.28 12:23:51.639,0.63265,0.63295,11.20,2.40
2010.06.28 12:23:51.910,0.6326,0.6329,12.10,2.40
2010.06.28 12:23:52.198,0.6326,0.6329,12.00,2.40
2010.06.28 12:23:52.686,0.6326,0.6329,12.10,2.40
2010.06.28 12:23:58.734,0.6326,0.6329,12.00,2.40
2010.06.28 12:23:58.897,0.6326,0.6329,12.10,2.40
2010.06.28 12:23:59.077,0.6326,0.6329,12.00,2.40
2010.06.28 12:23:59.519,0.6326,0.6329,12.10,2.40
2010.06.28 12:24:00.562,0.63265,0.63295,13.60,1.00
2010.06.28 12:24:00.750,0.63265,0.633,14.50,10.40
2010.06.28 12:24:01.149,0.63265,0.633,8.90,15.20
2010.06.28 12:24:01.339,0.63265,0.633,13.70,8.00
2010.06.28 12:24:05.152,0.63265,0.633,13.60,8.00
2010.06.28 12:24:05.288,0.63265,0.633,11.20,8.00
2010.06.28 12:24:05.428,0.63265,0.633,1.60,17.60
2010.06.28 12:24:06.288,0.63265,0.63295,1.60,12.00
2010.06.28 12:24:07.412,0.63265,0.63295,2.40,9.60
2010.06.28 12:24:07.833,0.63265,0.63295,2.40,2.40
2010.06.28 12:24:08.181,0.63265,0.63295,2.50,12.00
2010.06.28 12:24:09.510,0.63265,0.63295,2.40,12.00
2010.06.28 12:24:09.820,0.63265,0.63295,2.50,12.00
2010.06.28 12:24:11.673,0.63265,0.63295,2.40,12.00
2010.06.28 12:24:21.573,0.63265,0.63295,1.60,12.00
2010.06.28 12:24:21.793,0.6326,0.63295,9.60,2.40
2010.06.28 12:24:22.013,0.6326,0.6329,1.00,4.80
2010.06.28 12:24:22.588,0.63255,0.6329,7.20,2.40
2010.06.28 12:24:23.402,0.63255,0.6329,7.20,2.60
2010.06.28 12:24:23.690,0.63255,0.6329,7.20,2.40
2010.06.28 12:24:27.298,0.63255,0.6329,7.20,3.20
2010.06.28 12:24:27.640,0.63255,0.6329,2.40,14.80
2010.06.28 12:24:27.923,0.6325,0.63285,5.60,12.00
2010.06.28 12:24:30.579,0.6325,0.63285,5.70,12.00
2010.06.28 12:24:36.979,0.6325,0.63285,5.60,12.00
2010.06.28 12:24:37.697,0.6325,0.63285,5.60,12.00
2010.06.28 12:24:37.904,0.6325,0.63285,5.60,12.80
2010.06.28 12:24:39.380,0.63255,0.63285,1.00,12.80
2010.06.28 12:24:39.633,0.63255,0.63285,2.40,12.80
2010.06.28 12:24:39.883,0.63255,0.63285,2.40,8.00
2010.06.28 12:24:40.130,0.63255,0.63285,2.40,12.80
2010.06.28 12:24:40.299,0.63255,0.63285,2.40,7.20
2010.06.28 12:24:40.469,0.63255,0.63285,2.40,12.00
2010.06.28 12:24:40.639,0.63255,0.63285,2.40,7.20
2010.06.28 12:24:42.091,0.6325,0.6328,4.80,2.40
2010.06.28 12:24:42.421,0.6325,0.6328,1.60,14.40
2010.06.28 12:24:51.320,0.6325,0.6328,2.40,2.40
2010.06.28 12:24:51.568,0.6325,0.63285,4.80,12.80
2010.06.28 12:24:53.760,0.6325,0.6328,4.90,9.60
2010.06.28 12:24:54.004,0.6325,0.6328,1.60,14.40
2010.06.28 12:24:55.613,0.63245,0.6328,4.90,14.40
2010.06.28 12:24:55.953,0.63245,0.6328,4.90,15.20
2010.06.28 12:24:56.292,0.6325,0.6328,1.00,5.60
2010.06.28 12:24:56.549,0.6325,0.63285,3.20,13.60
2010.06.28 12:24:57.894,0.6325,0.6328,3.20,1.00
2010.06.28 12:24:58.150,0.63245,0.6328,14.40,1.00
2010.06.28 12:24:58.410,0.63245,0.6328,14.40,8.00
2010.06.28 12:24:58.669,0.63245,0.6328,9.60,12.80
2010.06.28 12:24:59.611,0.63245,0.6328,4.80,12.80
2010.06.28 12:25:00.064,0.63245,0.6328,2.40,12.80
2010.06.28 12:25:03.841,0.63245,0.63275,1.60,4.80
2010.06.28 12:25:04.179,0.63245,0.63275,1.00,7.20
2010.06.28 12:25:05.792,0.63245,0.63275,1.00,8.00
2010.06.28 12:25:05.935,0.6324,0.63275,7.20,12.80
2010.06.28 12:25:06.065,0.6324,0.6327,2.40,1.00
2010.06.28 12:25:06.200,0.6324,0.6327,2.40,12.80
2010.06.28 12:25:06.861,0.6324,0.6327,3.20,1.00
2010.06.28 12:25:19.501,0.6324,0.6327,3.20,1.00
2010.06.28 12:25:19.799,0.6324,0.63275,4.00,12.80
2010.06.28 12:25:21.119,0.6324,0.63275,4.00,13.00
2010.06.28 12:25:22.978,0.6324,0.63275,4.00,12.80
2010.06.28 12:25:23.319,0.6324,0.63275,4.00,13.00
2010.06.28 12:25:23.588,0.6324,0.63275,4.00,12.80
2010.06.28 12:25:27.352,0.63245,0.63275,1.00,3.20
2010.06.28 12:25:28.767,0.63245,0.63275,1.00,2.40
2010.06.28 12:25:29.800,0.63245,0.63275,1.00,1.00
2010.06.28 12:25:30.483,0.63245,0.63275,1.00,9.60
2010.06.28 12:25:30.823,0.63245,0.63275,1.00,1.00
2010.06.28 12:25:32.246,0.6324,0.63275,18.40,2.60
2010.06.28 12:25:32.480,0.6324,0.6326,8.00,2.40
2010.06.28 12:25:32.730,0.63235,0.6326,11.20,2.40
2010.06.28 12:25:32.966,0.63225,0.6326,4.00,10.40
2010.06.28 12:25:33.316,0.63235,0.63265,1.00,10.40
2010.06.28 12:25:33.665,0.63235,0.6327,2.40,12.80
2010.06.28 12:25:34.779,0.63235,0.6327,2.50,12.80
2010.06.28 12:25:35.504,0.63235,0.6327,2.40,12.80
2010.06.28 12:25:35.699,0.63235,0.6327,2.50,12.80
2010.06.28 12:25:53.477,0.6324,0.6327,4.10,12.00
2010.06.28 12:25:53.652,0.63245,0.63275,1.60,7.20
2010.06.28 12:25:53.925,0.63245,0.63275,1.60,12.00
2010.06.28 12:25:54.202,0.63245,0.63275,1.60,7.20
2010.06.28 12:25:54.472,0.63245,0.63275,1.60,12.00
2010.06.28 12:25:55.091,0.63245,0.63275,1.60,7.20
2010.06.28 12:25:55.432,0.6324,0.63275,8.00,12.80
2010.06.28 12:25:55.771,0.6324,0.6327,1.00,12.00
2010.06.28 12:25:56.794,0.6324,0.6327,1.00,15.20
2010.06.28 12:25:57.135,0.63235,0.6327,1.00,18.40
2010.06.28 12:25:57.395,0.63235,0.6326,1.00,12.00
2010.06.28 12:25:57.658,0.63235,0.63265,1.00,12.80
2010.06.28 12:25:58.109,0.6323,0.6326,1.00,8.80
2010.06.28 12:25:58.457,0.63225,0.6325,1.00,7.20
2010.06.28 12:25:58.945,0.6322,0.6325,4.80,7.20
2010.06.28 12:25:59.295,0.6322,0.6325,1.00,15.20
2010.06.28 12:26:02.024,0.63225,0.6325,1.00,8.00
2010.06.28 12:26:02.589,0.6322,0.6325,1.00,8.00
2010.06.28 12:26:02.874,0.63215,0.63245,8.80,1.00
2010.06.28 12:26:03.151,0.63215,0.63245,1.00,7.20
2010.06.28 12:26:04.420,0.6322,0.63245,1.00,1.00
2010.06.28 12:26:04.623,0.6322,0.6325,1.00,12.80
2010.06.28 12:26:06.354,0.63235,0.6325,1.00,2.40
2010.06.28 12:26:06.674,0.63235,0.63255,1.00,1.00
2010.06.28 12:26:06.957,0.6323,0.6326,3.20,2.40
2010.06.28 12:26:07.233,0.63225,0.6326,1.00,15.20
2010.06.28 12:26:07.913,0.63225,0.6326,2.40,12.80
2010.06.28 12:26:09.061,0.63225,0.63255,2.40,2.40
2010.06.28 12:26:09.383,0.63225,0.63255,1.60,12.00
2010.06.28 12:26:09.692,0.63225,0.6326,2.40,12.80
2010.06.28 12:26:11.297,0.63225,0.6326,2.40,15.20
2010.06.28 12:26:11.568,0.63225,0.63255,1.60,12.00
2010.06.28 12:26:13.314,0.6323,0.63255,1.00,12.00
2010.06.28 12:26:13.558,0.63235,0.6326,1.00,12.00
2010.06.28 12:26:13.793,0.63235,0.6326,1.00,2.40
2010.06.28 12:26:14.134,0.63235,0.63265,1.00,12.00
2010.06.28 12:26:14.802,0.63235,0.63265,2.40,12.00
2010.06.28 12:26:17.032,0.63235,0.63265,1.00,12.80
2010.06.28 12:26:43.592,0.6324,0.63265,1.00,12.80
2010.06.28 12:26:43.921,0.6324,0.63265,1.00,1.00
2010.06.28 12:26:44.253,0.63235,0.63265,1.00,12.80
2010.06.28 12:26:46.016,0.63235,0.6326,1.00,2.40
2010.06.28 12:26:46.173,0.6324,0.6326,1.00,2.40
2010.06.28 12:26:46.513,0.63235,0.6326,1.00,12.00
2010.06.28 12:26:46.851,0.6323,0.6326,1.00,14.40
2010.06.28 12:26:47.194,0.6323,0.6326,1.00,10.40
2010.06.28 12:26:47.469,0.6323,0.6326,3.20,1.60
2010.06.28 12:26:48.171,0.6323,0.6326,1.00,6.40
2010.06.28 12:26:48.456,0.6323,0.6326,3.20,8.00
2010.06.28 12:26:48.977,0.6323,0.6326,3.20,1.60
2010.06.28 12:26:49.481,0.6323,0.6326,5.60,1.00
2010.06.28 12:26:49.800,0.6324,0.6326,1.00,1.00
2010.06.28 12:26:51.887,0.6324,0.6326,1.00,1.00
2010.06.28 12:26:52.235,0.63245,0.63265,1.00,12.80
2010.06.28 12:26:52.760,0.6323,0.63255,3.20,7.20
2010.06.28 12:26:53.110,0.6323,0.6326,2.40,12.80
2010.06.28 12:26:53.940,0.6323,0.63255,2.40,7.20
2010.06.28 12:26:54.710,0.6323,0.63255,2.40,4.80
2010.06.28 12:26:55.042,0.63235,0.6326,1.00,7.20
2010.06.28 12:26:55.611,0.63235,0.6326,1.00,2.40
2010.06.28 12:26:55.801,0.63235,0.63265,1.00,12.80
2010.06.28 12:26:56.140,0.63235,0.63265,1.60,12.10
2010.06.28 12:26:56.479,0.63235,0.63265,1.60,12.00
2010.06.28 12:26:57.983,0.6324,0.63265,1.00,12.00
2010.06.28 12:26:58.325,0.6324,0.63265,3.20,4.80
2010.06.28 12:26:58.827,0.63245,0.6327,1.00,1.60
2010.06.28 12:27:01.255,0.63245,0.6327,1.00,4.00
2010.06.28 12:27:01.604,0.6324,0.6327,4.00,16.00
2010.06.28 12:27:02.292,0.6324,0.63265,1.00,13.60
2010.06.28 12:27:02.814,0.6324,0.63265,3.20,7.20
2010.06.28 12:27:03.164,0.6324,0.6327,3.20,16.80
2010.06.28 12:27:07.142,0.63245,0.6327,1.00,16.80
2010.06.28 12:27:07.415,0.63245,0.63275,1.00,14.40
2010.06.28 12:27:07.819,0.63245,0.63275,1.60,13.60
2010.06.28 12:27:09.036,0.6325,0.6328,1.00,13.60
2010.06.28 12:27:09.352,0.6325,0.6328,1.00,12.80
2010.06.28 12:27:17.331,0.63255,0.6328,1.00,12.00
2010.06.28 12:27:17.522,0.63255,0.6328,1.60,2.40
2010.06.28 12:27:17.712,0.6326,0.6329,1.00,12.80
2010.06.28 12:27:18.487,0.6326,0.6329,1.00,13.00
2010.06.28 12:27:18.831,0.63255,0.6329,2.40,13.00
2010.06.28 12:27:19.533,0.6326,0.6329,2.40,7.20
2010.06.28 12:27:19.870,0.63255,0.6329,3.20,12.00
2010.06.28 12:27:20.601,0.63255,0.6329,3.20,12.20
2010.06.28 12:27:22.559,0.63255,0.6329,3.20,12.00
2010.06.28 12:27:23.484,0.6326,0.6329,2.40,2.40
2010.06.28 12:27:23.766,0.63265,0.63295,1.00,1.00
2010.06.28 12:27:24.046,0.63265,0.633,1.00,17.80
2010.06.28 12:27:24.323,0.63265,0.633,1.60,17.80
2010.06.28 12:27:28.451,0.63265,0.633,1.60,17.60
2010.06.28 12:27:33.148,0.63265,0.633,1.60,17.80
2010.06.28 12:27:34.682,0.63265,0.633,1.60,17.60
2010.06.28 12:27:47.885,0.63265,0.633,1.60,17.80
2010.06.28 12:27:48.165,0.63265,0.63295,1.60,2.40
2010.06.28 12:27:51.551,0.6327,0.63295,1.00,2.40
2010.06.28 12:27:51.604,0.6327,0.63295,3.20,2.40
2010.06.28 12:27:51.752,0.6327,0.633,3.20,14.40
2010.06.28 12:27:52.265,0.63275,0.63305,1.00,13.00
2010.06.28 12:27:52.614,0.63275,0.63305,1.00,12.80
2010.06.28 12:27:53.280,0.6328,0.63305,1.00,2.40
2010.06.28 12:27:53.628,0.6328,0.63305,1.00,1.00
2010.06.28 12:27:59.332,0.63275,0.63305,1.00,14.60
2010.06.28 12:28:00.511,0.63275,0.63305,1.00,13.00
2010.06.28 12:28:00.733,0.6327,0.633,4.00,13.60
2010.06.28 12:28:01.162,0.6327,0.633,3.20,13.80
2010.06.28 12:28:01.396,0.6327,0.633,1.00,14.40
2010.06.28 12:28:01.973,0.6327,0.6329,1.00,1.60
2010.06.28 12:28:02.313,0.6327,0.6329,2.40,1.60
2010.06.28 12:28:02.653,0.63285,0.63305,1.00,3.20
2010.06.28 12:28:02.992,0.6328,0.63305,1.00,1.00
2010.06.28 12:28:11.544,0.6328,0.6331,3.20,11.60
2010.06.28 12:28:11.853,0.6328,0.63305,1.00,1.00
2010.06.28 12:28:13.476,0.63265,0.63295,6.40,2.60
2010.06.28 12:28:13.774,0.63265,0.6329,1.00,1.00
2010.06.28 12:28:14.375,0.6326,0.63285,1.00,1.00
2010.06.28 12:28:18.010,0.63265,0.63285,1.00,1.00
2010.06.28 12:28:18.200,0.63265,0.6329,1.00,1.60
2010.06.28 12:28:18.391,0.63265,0.6329,1.00,1.00
2010.06.28 12:28:18.716,0.63265,0.6329,1.00,12.80
2010.06.28 12:28:19.001,0.6326,0.6329,3.20,15.20
2010.06.28 12:28:19.562,0.6326,0.6329,3.20,15.40
2010.06.28 12:28:23.321,0.6326,0.6329,3.20,15.20
2010.06.28 12:28:23.571,0.63265,0.6329,1.00,12.80
2010.06.28 12:28:24.018,0.63265,0.6329,1.00,1.00
2010.06.28 12:28:24.285,0.63275,0.63295,1.00,1.40
2010.06.28 12:28:24.557,0.63275,0.63295,1.00,1.00
2010.06.28 12:28:24.823,0.6327,0.63295,1.00,1.00
2010.06.28 12:28:28.861,0.63275,0.633,1.00,13.60
2010.06.28 12:28:29.072,0.63275,0.633,1.00,5.60
2010.06.28 12:28:29.281,0.63275,0.633,1.00,1.00
2010.06.28 12:28:29.623,0.63275,0.63305,12.80,1.00
2010.06.28 12:28:29.963,0.63275,0.63305,1.00,8.00
2010.06.28 12:28:30.302,0.63275,0.63305,1.00,13.90
2010.06.28 12:28:34.765,0.63275,0.63305,1.00,14.00
2010.06.28 12:28:36.171,0.63275,0.63305,1.00,13.90
2010.06.28 12:28:36.750,0.63275,0.63305,1.00,14.20
2010.06.28 12:28:40.581,0.63275,0.633,1.00,1.00
2010.06.28 12:28:41.820,0.63265,0.633,2.40,13.00
2010.06.28 12:28:42.275,0.63265,0.63295,1.00,12.80
2010.06.28 12:28:43.789,0.6326,0.63295,12.00,14.60
2010.06.28 12:28:44.025,0.6326,0.6329,4.80,7.20
2010.06.28 12:28:46.441,0.63265,0.6329,1.00,4.80
2010.06.28 12:28:46.609,0.63265,0.63295,1.00,12.80
2010.06.28 12:28:47.453,0.6327,0.63295,3.20,1.00
2010.06.28 12:28:47.604,0.6327,0.633,3.20,15.40
2010.06.28 12:28:47.875,0.6327,0.63295,3.20,1.00
2010.06.28 12:28:48.145,0.63265,0.63295,1.60,12.00
2010.06.28 12:28:48.414,0.63265,0.63295,1.00,12.00
2010.06.28 12:28:49.365,0.6327,0.633,3.20,15.40
2010.06.28 12:28:50.428,0.6327,0.63295,3.20,3.20
2010.06.28 12:28:50.813,0.63265,0.63295,1.00,12.80
2010.06.28 12:28:53.349,0.63265,0.63295,1.00,14.40
2010.06.28 12:28:53.542,0.63265,0.6329,1.00,2.40
2010.06.28 12:28:53.731,0.6326,0.6329,4.00,7.20
2010.06.28 12:28:58.641,0.63265,0.63295,1.00,12.80
2010.06.28 12:29:07.820,0.63265,0.63295,1.00,16.00
2010.06.28 12:29:08.166,0.6326,0.6329,4.00,2.40
2010.06.28 12:29:08.471,0.6326,0.6329,3.20,2.40
2010.06.28 12:29:09.469,0.6326,0.6329,4.00,2.40
2010.06.28 12:29:09.969,0.6326,0.6329,4.80,2.40
2010.06.28 12:29:10.947,0.6326,0.6329,4.80,7.20
2010.06.28 12:29:11.749,0.63265,0.6329,4.80,7.20
2010.06.28 12:29:11.959,0.63265,0.6329,9.60,2.40
2010.06.28 12:29:13.649,0.63265,0.63295,9.60,6.40
2010.06.28 12:29:15.080,0.63265,0.63295,4.80,6.40
2010.06.28 12:29:15.513,0.63265,0.63295,10.40,4.80
2010.06.28 12:29:15.790,0.63265,0.63295,10.40,3.20
2010.06.28 12:29:19.436,0.6327,0.63295,2.40,3.20
2010.06.28 12:29:19.786,0.6327,0.633,3.20,10.40
2010.06.28 12:29:22.620,0.6327,0.633,3.20,5.60
2010.06.28 12:29:22.849,0.6327,0.633,3.20,3.20
2010.06.28 12:29:23.243,0.6327,0.633,3.20,5.60
2010.06.28 12:29:23.375,0.6327,0.633,3.20,3.20
2010.06.28 12:29:23.501,0.6327,0.633,3.20,5.60
2010.06.28 12:29:25.052,0.6327,0.633,3.20,3.20
2010.06.28 12:29:26.565,0.63265,0.633,1.60,15.20
2010.06.28 12:29:30.620,0.63265,0.63295,1.60,1.00
2010.06.28 12:29:31.142,0.63265,0.63295,1.00,1.00
2010.06.28 12:29:34.355,0.6326,0.63295,4.00,1.00
2010.06.28 12:29:34.680,0.6326,0.63295,1.60,1.00
2010.06.28 12:29:40.944,0.63255,0.6329,4.80,1.00
2010.06.28 12:29:41.405,0.63255,0.6329,2.40,7.20
2010.06.28 12:29:42.290,0.63255,0.6329,2.40,8.00
2010.06.28 12:29:42.632,0.63255,0.6329,1.60,8.00
2010.06.28 12:29:44.021,0.63255,0.6329,1.60,3.20
2010.06.28 12:29:44.219,0.63255,0.6329,1.60,1.00
2010.06.28 12:29:47.193,0.6325,0.63295,3.20,2.40
2010.06.28 12:29:47.530,0.6325,0.633,5.60,2.40
2010.06.28 12:29:51.130,0.6325,0.6331,3.20,5.30
2010.06.28 12:29:52.378,0.63245,0.6331,1.00,2.90
2010.06.28 12:29:53.090,0.6324,0.6331,3.30,1.00
2010.06.28 12:29:54.651,0.6324,0.6331,1.00,1.00
2010.06.28 12:29:57.569,0.6324,0.6331,1.60,1.60
2010.06.28 12:30:01.120,0.63245,0.6332,1.60,1.60
2010.06.28 12:30:01.610,0.63245,0.63325,1.60,1.60
2010.06.28 12:30:03.830,0.63235,0.63315,1.60,1.60
2010.06.28 12:30:06.272,0.6323,0.63305,1.60,1.60
2010.06.28 12:30:06.550,0.6323,0.6331,1.10,1.10
2010.06.28 12:30:11.237,0.6324,0.63315,1.00,1.00
2010.06.28 12:30:11.920,0.63255,0.633,1.00,1.00
2010.06.28 12:30:12.261,0.6326,0.63295,1.00,1.00
2010.06.28 12:30:15.912,0.6326,0.63295,3.20,1.00
2010.06.28 12:30:17.760,0.6326,0.63295,4.00,1.00
2010.06.28 12:30:20.470,0.6326,0.63295,4.00,3.20
2010.06.28 12:30:20.881,0.6326,0.63295,4.00,8.00
2010.06.28 12:30:21.096,0.6326,0.6329,4.00,1.00
2010.06.28 12:30:21.320,0.63255,0.6329,1.60,1.00
2010.06.28 12:30:21.536,0.6325,0.63285,12.00,1.00
2010.06.28 12:30:23.363,0.63255,0.63285,1.60,1.00
2010.06.28 12:30:23.718,0.6326,0.6329,2.40,1.00
2010.06.28 12:30:24.045,0.63265,0.6329,1.00,1.00
2010.06.28 12:30:24.372,0.63265,0.63295,1.00,5.70
2010.06.28 12:30:24.703,0.6326,0.63295,3.20,12.90
2010.06.28 12:30:25.031,0.6326,0.63295,4.00,12.80
2010.06.28 12:30:25.370,0.6326,0.63295,4.80,8.00
2010.06.28 12:30:26.250,0.63265,0.63295,1.00,8.00
2010.06.28 12:30:26.452,0.63265,0.63295,1.00,4.80
2010.06.28 12:30:26.650,0.63265,0.63295,1.00,1.00
2010.06.28 12:30:28.294,0.6327,0.633,3.20,10.40
2010.06.28 12:30:28.536,0.6327,0.633,3.20,5.60
2010.06.28 12:30:28.772,0.6327,0.633,4.00,2.40
2010.06.28 12:30:29.536,0.63275,0.633,1.00,2.40
2010.06.28 12:30:29.826,0.63275,0.6331,1.00,16.80
2010.06.28 12:30:30.112,0.63275,0.6331,2.40,12.00
2010.06.28 12:30:30.391,0.63275,0.6331,2.40,16.80
2010.06.28 12:30:32.265,0.63275,0.6331,1.60,17.00
2010.06.28 12:30:32.476,0.63275,0.63305,1.60,2.40
2010.06.28 12:30:32.752,0.63275,0.63305,1.60,7.20
2010.06.28 12:30:33.025,0.63275,0.63305,1.60,4.00
2010.06.28 12:30:33.303,0.63275,0.6331,2.40,4.80
2010.06.28 12:30:33.911,0.63275,0.6331,2.40,5.00
2010.06.28 12:30:34.255,0.6328,0.6331,3.20,1.00
2010.06.28 12:30:34.601,0.6328,0.6331,3.20,4.00
2010.06.28 12:30:35.070,0.6328,0.6331,3.20,2.40
2010.06.28 12:30:35.592,0.6328,0.63315,3.20,15.40
2010.06.28 12:30:36.462,0.6328,0.6331,3.20,1.00
2010.06.28 12:30:38.199,0.6328,0.63315,3.20,15.40
2010.06.28 12:30:38.460,0.6328,0.63315,3.20,5.80
2010.06.28 12:30:39.041,0.6328,0.63315,3.20,5.70
2010.06.28 12:30:39.340,0.6328,0.63315,4.80,5.70
2010.06.28 12:30:40.222,0.6328,0.63315,4.80,5.80
2010.06.28 12:30:40.563,0.63285,0.63315,1.00,2.60
2010.06.28 12:30:43.599,0.6329,0.63315,2.40,2.40
2010.06.28 12:30:43.782,0.6329,0.6332,3.20,5.00
2010.06.28 12:30:45.080,0.6329,0.6332,3.20,4.80
2010.06.28 12:30:45.341,0.633,0.6332,1.00,1.00
2010.06.28 12:30:45.655,0.633,0.63325,1.00,4.90
2010.06.28 12:30:45.963,0.633,0.63325,1.00,1.60
2010.06.28 12:30:47.434,0.633,0.63325,1.00,1.80
2010.06.28 12:30:47.656,0.633,0.63325,1.00,1.60
2010.06.28 12:30:48.425,0.633,0.63325,1.00,1.80
2010.06.28 12:30:48.983,0.633,0.63325,1.00,1.70
2010.06.28 12:30:49.235,0.633,0.63325,1.00,1.60
2010.06.28 12:30:50.163,0.6329,0.6332,6.40,1.60
2010.06.28 12:30:50.501,0.6329,0.6332,4.00,1.60
2010.06.28 12:30:52.967,0.633,0.63325,1.00,1.60
2010.06.28 12:30:53.281,0.6331,0.6333,1.00,1.00
2010.06.28 12:30:53.588,0.63305,0.6333,1.00,1.00
2010.06.28 12:30:54.234,0.633,0.6333,3.20,1.00
2010.06.28 12:30:54.574,0.633,0.6333,3.20,1.00
2010.06.28 12:30:56.352,0.6331,0.63335,1.00,6.40
2010.06.28 12:30:56.602,0.6331,0.63335,3.20,1.00
2010.06.28 12:30:57.107,0.63305,0.6334,1.60,8.00
2010.06.28 12:30:57.453,0.6331,0.6334,3.20,1.00
2010.06.28 12:30:58.452,0.63315,0.63345,1.00,2.50
2010.06.28 12:30:58.782,0.6331,0.63345,4.00,2.50
2010.06.28 12:30:59.111,0.6331,0.63345,4.00,10.50
2010.06.28 12:30:59.441,0.6331,0.6334,3.20,4.80
2010.06.28 12:31:00.651,0.63315,0.6334,1.00,2.40
2010.06.28 12:31:00.904,0.63315,0.6334,1.00,1.00
2010.06.28 12:31:01.154,0.63315,0.6334,1.00,4.00
2010.06.28 12:31:01.405,0.6331,0.6334,4.00,6.40
2010.06.28 12:31:01.876,0.6331,0.6334,4.00,4.00
2010.06.28 12:31:02.445,0.63305,0.63335,2.40,1.60
2010.06.28 12:31:03.132,0.633,0.63335,7.20,2.40
2010.06.28 12:31:03.474,0.6331,0.63335,3.20,1.00
2010.06.28 12:31:03.812,0.6331,0.63335,3.20,1.60
2010.06.28 12:31:04.151,0.6331,0.6334,3.20,7.20
2010.06.28 12:31:04.943,0.63305,0.63335,2.40,2.40
2010.06.28 12:31:05.205,0.6331,0.6334,1.00,9.60
2010.06.28 12:31:05.471,0.6331,0.6334,3.20,4.80
2010.06.28 12:31:06.622,0.63315,0.6334,1.00,4.00
2010.06.28 12:31:06.961,0.6331,0.6334,3.20,1.60
2010.06.28 12:31:07.305,0.6332,0.63345,1.00,5.60
2010.06.28 12:31:07.652,0.6332,0.63345,1.00,2.40
2010.06.28 12:31:08.462,0.6332,0.63345,1.00,4.80
2010.06.28 12:31:08.802,0.63315,0.63345,1.00,4.80
2010.06.28 12:31:14.072,0.63315,0.63345,1.60,4.00
2010.06.28 12:31:14.375,0.63315,0.63345,2.40,2.40
2010.06.28 12:31:14.694,0.63315,0.63345,2.40,1.00
2010.06.28 12:31:15.012,0.63315,0.63345,2.40,1.60
2010.06.28 12:31:16.220,0.63315,0.63345,1.00,1.60
2010.06.28 12:31:16.733,0.63315,0.63345,1.00,1.00
2010.06.28 12:31:17.879,0.63315,0.63345,1.00,1.60
2010.06.28 12:31:21.723,0.6332,0.63345,3.20,1.00
2010.06.28 12:31:22.158,0.63315,0.6335,2.50,7.20
2010.06.28 12:31:22.422,0.63315,0.6335,2.40,16.90
2010.06.28 12:31:22.940,0.63315,0.6335,2.40,17.00
2010.06.28 12:31:26.229,0.63315,0.63345,2.40,2.40
2010.06.28 12:31:28.851,0.63315,0.63345,1.00,4.00
2010.06.28 12:31:29.141,0.63315,0.63345,1.00,6.40
2010.06.28 12:31:29.482,0.63315,0.63345,1.00,12.20
2010.06.28 12:31:31.999,0.63315,0.63345,1.00,10.60
2010.06.28 12:31:34.443,0.63315,0.6334,1.00,1.00
2010.06.28 12:31:34.834,0.63315,0.63345,1.00,10.60
2010.06.28 12:31:35.027,0.63315,0.63335,1.00,1.00
2010.06.28 12:31:35.223,0.63305,0.6333,1.00,2.40
2010.06.28 12:31:35.771,0.633,0.6332,3.20,1.00
2010.06.28 12:31:36.113,0.63295,0.63315,9.60,1.00
2010.06.28 12:31:36.452,0.63285,0.63315,9.60,1.00
2010.06.28 12:31:36.791,0.6328,0.6331,5.60,1.00
2010.06.28 12:31:37.472,0.6328,0.6331,11.20,1.00
2010.06.28 12:31:37.813,0.6328,0.6331,10.40,1.00
2010.06.28 12:31:38.882,0.6328,0.63315,11.20,13.60
2010.06.28 12:31:39.201,0.6328,0.63315,11.20,12.80
2010.06.28 12:31:41.546,0.6328,0.63315,11.20,12.90
2010.06.28 12:31:41.791,0.6328,0.63315,17.60,3.20
2010.06.28 12:31:42.149,0.6328,0.63315,17.60,1.00
2010.06.28 12:31:42.497,0.63285,0.63315,1.00,1.00
2010.06.28 12:31:43.016,0.63285,0.6332,1.00,16.80
2010.06.28 12:31:43.353,0.63285,0.6332,1.00,15.20
2010.06.28 12:31:44.669,0.63285,0.6332,1.00,16.80
2010.06.28 12:31:45.012,0.63285,0.6332,4.10,15.20
2010.06.28 12:31:45.328,0.6329,0.6332,2.40,12.80
2010.06.28 12:31:45.547,0.63295,0.63325,1.00,3.20
2010.06.28 12:31:45.764,0.6329,0.63325,9.60,8.00
2010.06.28 12:31:45.985,0.6329,0.63325,4.80,12.80
2010.06.28 12:31:47.878,0.63295,0.63325,1.00,12.80
2010.06.28 12:31:48.230,0.63295,0.6333,1.60,17.60
2010.06.28 12:31:49.346,0.63295,0.6333,1.60,17.80
2010.06.28 12:31:49.616,0.63295,0.6333,1.60,17.60
2010.06.28 12:31:51.002,0.63295,0.6333,8.90,12.80
2010.06.28 12:31:51.369,0.63295,0.6333,7.30,16.00
2010.06.28 12:31:51.593,0.63295,0.6333,2.50,17.60
2010.06.28 12:31:52.930,0.633,0.6333,1.00,17.60
2010.06.28 12:31:53.270,0.63295,0.6333,2.50,17.60
2010.06.28 12:31:55.271,0.633,0.6333,4.00,4.80
2010.06.28 12:31:55.572,0.63305,0.63335,1.00,13.60
2010.06.28 12:31:55.903,0.6331,0.63335,2.40,1.00
2010.06.28 12:31:56.187,0.6331,0.6334,3.20,9.60
2010.06.28 12:31:56.480,0.6331,0.6334,4.10,14.40
2010.06.28 12:31:56.825,0.6331,0.6334,4.00,14.40
2010.06.28 12:31:57.177,0.63305,0.63335,1.60,13.60
2010.06.28 12:31:57.526,0.633,0.6333,1.00,6.40
2010.06.28 12:31:57.877,0.633,0.6333,1.00,16.80
2010.06.28 12:31:58.562,0.633,0.6333,1.00,16.80
2010.06.28 12:31:59.240,0.633,0.6333,1.00,16.80
2010.06.28 12:32:00.699,0.633,0.6333,1.00,16.80
2010.06.28 12:32:00.920,0.633,0.6333,1.00,16.80
2010.06.28 12:32:01.563,0.633,0.6333,1.00,16.90
2010.06.28 12:32:01.706,0.633,0.63325,1.00,4.80
2010.06.28 12:32:01.910,0.63295,0.63325,1.60,12.00
2010.06.28 12:32:03.611,0.6329,0.63325,5.60,12.00
2010.06.28 12:32:06.780,0.6329,0.6332,2.40,2.40
2010.06.28 12:32:06.960,0.6329,0.6332,1.60,11.20
2010.06.28 12:32:08.601,0.6329,0.6332,1.60,16.00
2010.06.28 12:32:11.403,0.63285,0.6332,7.20,16.00
2010.06.28 12:32:11.561,0.63285,0.63315,2.40,7.20
2010.06.28 12:32:12.542,0.63285,0.63315,1.60,14.40
2010.06.28 12:32:17.268,0.63285,0.63315,1.00,14.40
2010.06.28 12:32:17.451,0.6328,0.63315,4.80,13.60
2010.06.28 12:32:17.642,0.6328,0.63315,4.80,15.20
2010.06.28 12:32:18.063,0.6328,0.6331,1.60,16.00
2010.06.28 12:32:18.402,0.63275,0.63305,1.60,12.00
2010.06.28 12:32:31.861,0.63275,0.63305,2.40,2.40
2010.06.28 12:32:32.113,0.6328,0.6331,10.40,1.00
2010.06.28 12:32:32.362,0.63285,0.63315,1.60,13.60
2010.06.28 12:32:32.815,0.63285,0.63315,7.20,2.40
2010.06.28 12:32:33.124,0.63285,0.6332,9.60,16.80
2010.06.28 12:32:34.074,0.63295,0.63325,1.60,13.60
2010.06.28 12:32:34.419,0.633,0.63325,3.20,4.80
2010.06.28 12:32:34.768,0.633,0.6333,4.00,11.20
2010.06.28 12:32:35.065,0.63305,0.63335,1.00,7.20
2010.06.28 12:32:37.090,0.63305,0.63335,1.00,7.20
2010.06.28 12:32:41.388,0.6331,0.63335,1.00,7.20
2010.06.28 12:32:42.200,0.63305,0.63335,1.00,7.20
2010.06.28 12:32:43.520,0.63305,0.63335,1.00,7.20
2010.06.28 12:32:44.163,0.63305,0.63335,1.00,7.20
2010.06.28 12:32:44.940,0.63305,0.63335,1.00,7.20
2010.06.28 12:32:46.140,0.63305,0.63335,1.00,7.20
2010.06.28 12:32:48.050,0.63305,0.63335,1.60,7.20
2010.06.28 12:32:48.232,0.6331,0.63335,2.40,1.00
2010.06.28 12:32:48.601,0.63305,0.63335,1.00,7.20
2010.06.28 12:32:56.659,0.63305,0.63335,1.00,7.20
2010.06.28 12:32:56.980,0.63305,0.63335,1.00,7.20
2010.06.28 12:32:58.780,0.63305,0.63335,1.00,7.20
2010.06.28 12:33:01.100,0.6331,0.63335,2.40,7.20
2010.06.28 12:33:01.220,0.6331,0.6334,2.40,16.30
2010.06.28 12:33:01.939,0.6331,0.6334,2.40,17.90
2010.06.28 12:33:03.021,0.6331,0.6334,2.40,18.70
2010.06.28 12:33:03.222,0.63305,0.63335,8.80,1.00
2010.06.28 12:33:03.416,0.633,0.63335,4.80,13.60
2010.06.28 12:33:03.602,0.633,0.63335,4.80,12.00
2010.06.28 12:33:03.792,0.63305,0.63335,1.00,7.20
2010.06.28 12:33:03.984,0.63305,0.63335,1.60,7.20
2010.06.28 12:33:05.891,0.63305,0.63335,1.60,1.00
2010.06.28 12:33:08.919,0.63305,0.63335,1.60,2.40
2010.06.28 12:33:09.069,0.63305,0.63335,1.60,7.20
2010.06.28 12:33:13.181,0.63305,0.63335,1.00,7.20
2010.06.28 12:33:13.443,0.633,0.63335,9.70,12.00
2010.06.28 12:33:13.671,0.633,0.63335,1.70,12.00
2010.06.28 12:33:13.900,0.633,0.63335,1.60,12.00
2010.06.28 12:33:14.404,0.633,0.6333,1.60,4.80
2010.06.28 12:33:14.634,0.633,0.6333,1.00,8.80
2010.06.28 12:33:14.963,0.633,0.63335,1.00,12.80
2010.06.28 12:33:16.044,0.633,0.63335,4.00,12.80
2010.06.28 12:33:16.378,0.633,0.63335,1.60,14.40
2010.06.28 12:33:16.908,0.633,0.6333,1.60,11.20
2010.06.28 12:33:17.172,0.633,0.6333,1.60,16.00
2010.06.28 12:33:17.431,0.633,0.6333,1.00,16.00
2010.06.28 12:33:25.604,0.633,0.63335,12.10,12.00
2010.06.28 12:33:25.941,0.633,0.63335,12.10,7.20
2010.06.28 12:33:26.282,0.63305,0.63335,1.70,7.20
2010.06.28 12:33:26.604,0.63315,0.63335,1.00,7.20
2010.06.28 12:33:26.930,0.63315,0.63335,1.60,2.40
2010.06.28 12:33:27.249,0.63325,0.6335,10.40,1.00
2010.06.28 12:33:27.771,0.6332,0.6335,1.00,3.20
2010.06.28 12:33:27.944,0.63315,0.63345,1.00,1.00
2010.06.28 12:33:29.033,0.6331,0.63345,16.80,8.00
2010.06.28 12:33:29.371,0.6331,0.63345,16.90,8.00
2010.06.28 12:33:29.710,0.6331,0.63345,16.80,8.00
2010.06.28 12:33:30.659,0.6331,0.63345,12.00,12.80
2010.06.28 12:33:31.740,0.6331,0.63345,10.40,12.80
2010.06.28 12:33:32.742,0.6331,0.63345,6.00,13.60
2010.06.28 12:33:32.990,0.6331,0.63345,5.20,13.60
2010.06.28 12:33:33.482,0.6331,0.6334,3.20,1.00
2010.06.28 12:33:33.741,0.6331,0.6334,3.20,1.00
2010.06.28 12:33:37.924,0.6331,0.6334,2.40,4.00
2010.06.28 12:33:38.207,0.63305,0.6334,6.90,11.20
2010.06.28 12:33:38.435,0.63305,0.6334,2.50,16.00
2010.06.28 12:33:38.662,0.63305,0.6334,1.70,16.00
2010.06.28 12:33:38.881,0.63305,0.6334,1.00,16.00
2010.06.28 12:33:39.662,0.633,0.63335,9.70,11.20
2010.06.28 12:33:39.934,0.633,0.63335,5.70,13.60
2010.06.28 12:33:42.521,0.633,0.63335,14.80,4.00
2010.06.28 12:33:42.811,0.63305,0.6334,1.00,16.00
2010.06.28 12:33:44.431,0.63305,0.6334,1.00,16.00
2010.06.28 12:33:45.066,0.633,0.63335,13.70,3.20
2010.06.28 12:33:45.412,0.633,0.63335,4.10,12.80
2010.06.28 12:33:45.750,0.633,0.63335,4.10,13.60
2010.06.28 12:33:47.118,0.633,0.6333,2.40,10.40
2010.06.28 12:33:54.991,0.633,0.6333,2.50,10.40
2010.06.28 12:33:55.510,0.633,0.6333,3.30,3.20
2010.06.28 12:33:55.856,0.633,0.6333,3.20,1.00
2010.06.28 12:33:58.164,0.633,0.6333,3.20,1.00
2010.06.28 12:33:59.293,0.63295,0.63325,1.60,12.00
2010.06.28 12:34:03.481,0.6329,0.6332,12.50,2.40
2010.06.28 12:34:03.827,0.6329,0.6332,5.20,2.40
2010.06.28 12:34:04.355,0.6329,0.6332,5.30,2.40
2010.06.28 12:34:04.954,0.6329,0.63325,17.20,1.00
2010.06.28 12:34:05.294,0.633,0.63325,2.40,1.00
2010.06.28 12:34:05.632,0.633,0.6333,2.40,10.40
2010.06.28 12:34:08.999,0.633,0.6333,2.40,10.60
2010.06.28 12:34:10.120,0.633,0.6333,2.40,10.40
2010.06.28 12:34:17.470,0.633,0.6333,2.40,10.60
2010.06.28 12:34:17.912,0.633,0.63325,2.40,8.00
2010.06.28 12:34:18.069,0.63285,0.6332,5.60,15.20
2010.06.28 12:34:18.214,0.63285,0.63315,1.60,2.40
2010.06.28 12:34:18.455,0.6328,0.63315,12.80,7.20
2010.06.28 12:34:18.609,0.6328,0.63315,1.70,15.20
2010.06.28 12:34:18.754,0.6328,0.63315,1.30,15.20
2010.06.28 12:34:19.102,0.6328,0.63315,1.00,15.20
2010.06.28 12:34:19.781,0.6328,0.63315,1.00,15.40
2010.06.28 12:34:20.881,0.6328,0.63315,1.00,14.60
2010.06.28 12:34:21.443,0.6328,0.6331,1.00,1.00
2010.06.28 12:34:21.906,0.63275,0.63305,7.20,1.00
2010.06.28 12:34:22.139,0.6327,0.63305,4.00,13.70
2010.06.28 12:34:22.486,0.6326,0.63295,5.60,12.00
2010.06.28 12:34:22.834,0.6326,0.6329,1.00,14.40
2010.06.28 12:34:23.310,0.63255,0.6329,10.00,14.40
2010.06.28 12:34:23.654,0.63255,0.6329,9.70,15.20
2010.06.28 12:34:24.331,0.63255,0.6329,9.60,15.20
2010.06.28 12:34:24.615,0.63255,0.6329,9.70,15.20
2010.06.28 12:34:25.902,0.6326,0.6329,3.20,1.00
2010.06.28 12:34:28.814,0.6326,0.6329,2.40,1.00
2010.06.28 12:34:28.970,0.6326,0.6329,2.40,12.80
2010.06.28 12:34:29.491,0.63255,0.6329,9.70,15.20
2010.06.28 12:34:33.726,0.6326,0.6329,2.80,12.80
2010.06.28 12:34:33.897,0.63265,0.63295,1.00,3.20
2010.06.28 12:34:34.206,0.63265,0.63295,1.00,2.40
2010.06.28 12:34:34.534,0.63265,0.63295,1.00,1.00
2010.06.28 12:34:34.863,0.63265,0.63295,1.00,1.00
2010.06.28 12:34:35.193,0.63265,0.63295,1.00,1.60
2010.06.28 12:34:35.709,0.6326,0.63295,6.40,13.60
2010.06.28 12:34:36.053,0.63265,0.63295,1.00,1.60
2010.06.28 12:34:36.392,0.63265,0.63295,1.00,1.00
2010.06.28 12:34:36.642,0.63265,0.6329,1.00,1.00
2010.06.28 12:34:36.898,0.6326,0.6329,17.60,2.60
2010.06.28 12:34:37.159,0.6326,0.63285,1.60,1.00
2010.06.28 12:34:37.523,0.6325,0.63285,18.00,1.00
2010.06.28 12:34:37.870,0.63245,0.63275,10.40,1.00
2010.06.28 12:34:38.388,0.63245,0.63275,1.60,8.00
2010.06.28 12:34:38.741,0.63235,0.63265,6.40,2.40
2010.06.28 12:34:39.208,0.63235,0.63265,1.00,14.40
2010.06.28 12:34:39.554,0.63225,0.6326,15.20,12.00
2010.06.28 12:34:40.233,0.63225,0.6326,15.20,7.20
2010.06.28 12:34:41.368,0.63225,0.6326,15.30,7.20
2010.06.28 12:34:41.681,0.6323,0.6326,4.10,7.20
2010.06.28 12:34:42.010,0.63235,0.63265,1.00,10.40
2010.06.28 12:34:42.265,0.63235,0.6327,1.00,16.00
2010.06.28 12:34:47.070,0.6324,0.6327,3.20,4.00
2010.06.28 12:34:47.294,0.63245,0.6327,1.00,1.00
2010.06.28 12:34:47.630,0.63245,0.63275,1.00,7.20
2010.06.28 12:34:48.612,0.6324,0.63275,18.10,8.00
2010.06.28 12:34:48.922,0.6324,0.63275,6.30,12.80
2010.06.28 12:34:49.230,0.63245,0.63275,1.00,12.80
2010.06.28 12:34:49.540,0.63245,0.63275,1.00,8.00
2010.06.28 12:34:50.741,0.6324,0.63275,6.30,12.80
2010.06.28 12:34:52.830,0.63245,0.63275,1.00,8.00
2010.06.28 12:34:53.333,0.6325,0.63275,1.00,8.00
2010.06.28 12:34:53.645,0.6325,0.63275,3.20,4.80
2010.06.28 12:34:53.903,0.6325,0.6328,3.20,10.40
2010.06.28 12:34:58.723,0.6325,0.6328,3.20,5.60
2010.06.28 12:34:59.015,0.6325,0.6328,2.80,1.00
2010.06.28 12:34:59.299,0.63255,0.6328,1.00,1.00
2010.06.28 12:34:59.573,0.63255,0.63285,10.00,1.00
2010.06.28 12:35:00.022,0.6326,0.63285,2.80,1.00
2010.06.28 12:35:00.363,0.6326,0.6329,4.40,1.00
2010.06.28 12:35:00.701,0.6326,0.63295,5.20,12.80
2010.06.28 12:35:01.537,0.63265,0.63295,9.60,3.20
2010.06.28 12:35:01.861,0.6326,0.63295,5.20,12.80
2010.06.28 12:35:04.143,0.6326,0.63285,1.60,9.60
2010.06.28 12:35:04.484,0.63265,0.63285,1.00,2.40
2010.06.28 12:35:04.771,0.63265,0.633,2.00,16.80
2010.06.28 12:35:05.075,0.6326,0.63295,6.80,12.80
2010.06.28 12:35:05.369,0.6326,0.63295,5.20,12.80
2010.06.28 12:35:06.205,0.6326,0.6329,1.00,13.60
2010.06.28 12:35:06.828,0.63255,0.63285,3.60,8.80
2010.06.28 12:35:07.226,0.63255,0.6328,1.00,9.60
2010.06.28 12:35:07.512,0.63245,0.6328,12.00,7.20
2010.06.28 12:35:07.852,0.63245,0.6328,18.40,8.00
2010.06.28 12:35:08.611,0.63245,0.6328,16.80,8.00
2010.06.28 12:35:10.444,0.63245,0.6328,18.40,8.00
2010.06.28 12:35:14.499,0.63245,0.6328,18.40,8.20
2010.06.28 12:35:14.880,0.63245,0.63275,16.40,1.00
2010.06.28 12:35:15.179,0.63235,0.63265,3.10,1.00
2010.06.28 12:35:15.704,0.63235,0.6326,2.30,1.00
2010.06.28 12:35:16.045,0.6323,0.6326,8.00,1.00
2010.06.28 12:35:17.308,0.63235,0.6326,1.60,1.00
2010.06.28 12:35:18.096,0.6323,0.6325,7.20,1.00
2010.06.28 12:35:18.468,0.6323,0.6324,2.40,1.60
2010.06.28 12:35:18.818,0.6321,0.6324,2.40,16.00
2010.06.28 12:35:19.168,0.63205,0.63235,1.00,3.20
2010.06.28 12:35:19.514,0.6321,0.6324,1.00,5.60
2010.06.28 12:35:20.035,0.63205,0.6324,12.00,5.60
2010.06.28 12:35:20.383,0.6321,0.63245,4.00,12.80
2010.06.28 12:35:20.725,0.6321,0.63245,3.20,13.00
2010.06.28 12:35:21.078,0.63205,0.6324,16.80,1.00
2010.06.28 12:35:21.422,0.63205,0.6324,9.60,12.80
2010.06.28 12:35:22.935,0.63205,0.6324,9.70,12.80
2010.06.28 12:35:24.050,0.63205,0.6324,14.50,8.00
2010.06.28 12:35:25.753,0.6321,0.6324,3.20,12.80
2010.06.28 12:35:25.992,0.6321,0.6324,1.00,5.60
2010.06.28 12:35:26.326,0.6321,0.6324,1.00,10.40
2010.06.28 12:35:26.579,0.63205,0.6324,6.50,12.80
2010.06.28 12:35:27.912,0.63205,0.6324,5.60,16.00
2010.06.28 12:35:28.251,0.63205,0.63235,2.40,5.60
2010.06.28 12:35:28.653,0.63205,0.63235,1.00,1.00
2010.06.28 12:35:29.330,0.63205,0.63235,2.40,1.00
2010.06.28 12:35:29.675,0.63205,0.63235,14.40,1.00
2010.06.28 12:35:30.014,0.63205,0.63235,4.80,2.40
2010.06.28 12:35:30.545,0.63205,0.63235,1.00,9.60
2010.06.28 12:35:30.896,0.63205,0.6324,13.60,8.00
2010.06.28 12:35:31.381,0.63205,0.6324,15.20,8.00
2010.06.28 12:35:32.746,0.63205,0.6324,5.70,5.60
2010.06.28 12:35:33.304,0.63215,0.63245,1.00,10.40
2010.06.28 12:35:34.663,0.6321,0.6324,3.20,1.00
2010.06.28 12:35:35.005,0.63205,0.6324,5.60,4.80
2010.06.28 12:35:35.352,0.6321,0.6324,3.20,1.00
2010.06.28 12:35:35.695,0.632,0.6323,7.20,4.80
2010.06.28 12:35:36.044,0.63205,0.6323,1.00,9.60
2010.06.28 12:35:36.425,0.632,0.6323,3.20,1.00
2010.06.28 12:35:36.767,0.63195,0.63225,6.40,2.40
2010.06.28 12:35:37.327,0.6319,0.63225,15.20,8.00
2010.06.28 12:35:37.676,0.63195,0.63225,1.00,2.40
2010.06.28 12:35:38.024,0.6319,0.6322,4.00,12.00
2010.06.28 12:35:38.363,0.6319,0.63225,1.60,15.20
2010.06.28 12:35:38.706,0.63185,0.6322,2.40,16.00
2010.06.28 12:35:39.235,0.6319,0.63225,3.20,14.30
2010.06.28 12:35:39.404,0.6319,0.63225,11.20,13.60
2010.06.28 12:35:39.747,0.6319,0.63225,6.40,12.00
2010.06.28 12:35:40.083,0.6319,0.6322,3.20,2.40
2010.06.28 12:35:40.461,0.63195,0.63225,1.00,10.40
2010.06.28 12:35:40.805,0.63195,0.63225,1.00,1.00
2010.06.28 12:35:41.275,0.6319,0.63225,8.80,8.80
2010.06.28 12:35:41.501,0.6319,0.6322,4.00,2.40
2010.06.28 12:35:41.734,0.6319,0.6322,1.60,4.80
2010.06.28 12:35:41.963,0.6319,0.6322,1.00,15.20
2010.06.28 12:35:42.892,0.63185,0.6322,3.20,16.00
2010.06.28 12:35:43.200,0.63185,0.6322,2.40,16.00
2010.06.28 12:35:43.906,0.63185,0.6322,2.50,16.00
2010.06.28 12:35:44.141,0.63185,0.6322,7.20,16.00
2010.06.28 12:35:44.451,0.63185,0.6322,2.40,13.80
2010.06.28 12:35:44.692,0.63185,0.63215,2.40,9.60
2010.06.28 12:35:45.112,0.63185,0.63215,2.40,12.00
2010.06.28 12:35:45.453,0.6318,0.6321,7.20,9.60
2010.06.28 12:35:45.793,0.6318,0.6321,6.40,9.60
2010.06.28 12:35:47.151,0.6318,0.63215,6.40,14.40
2010.06.28 12:35:48.190,0.6318,0.63215,6.40,14.60
2010.06.28 12:35:48.531,0.6318,0.63215,11.20,14.60
2010.06.28 12:35:48.870,0.6318,0.63215,6.40,14.60
2010.06.28 12:35:49.781,0.63175,0.6321,8.40,10.40
2010.06.28 12:35:50.121,0.63175,0.6321,3.60,12.00
2010.06.28 12:35:50.461,0.63175,0.63205,2.40,7.20
2010.06.28 12:35:52.781,0.63175,0.63205,1.60,7.20
2010.06.28 12:35:54.103,0.6317,0.63205,11.20,12.00
2010.06.28 12:35:54.442,0.6317,0.63205,8.80,13.60
2010.06.28 12:35:54.691,0.63175,0.63205,1.60,13.60
2010.06.28 12:35:56.291,0.63175,0.632,1.00,2.40
2010.06.28 12:35:56.614,0.6317,0.632,1.60,12.00
2010.06.28 12:35:56.774,0.6317,0.632,1.00,4.80
2010.06.28 12:35:56.977,0.6317,0.632,1.00,9.60
2010.06.28 12:35:57.151,0.6317,0.632,6.80,9.60
2010.06.28 12:35:57.314,0.6317,0.63205,12.40,14.40
2010.06.28 12:35:57.473,0.63175,0.63205,1.00,12.80
2010.06.28 12:35:57.812,0.63175,0.63205,1.00,3.20
2010.06.28 12:35:58.151,0.63175,0.63205,1.00,2.40
2010.06.28 12:35:58.495,0.63175,0.63205,1.00,7.20
2010.06.28 12:35:59.181,0.63175,0.63205,1.00,2.40
2010.06.28 12:36:01.838,0.6317,0.632,11.20,4.80
2010.06.28 12:36:02.069,0.63175,0.63205,1.00,7.20
2010.06.28 12:36:02.484,0.63175,0.63205,1.00,2.40
2010.06.28 12:36:03.368,0.63175,0.63205,1.00,2.50
2010.06.28 12:36:03.781,0.6317,0.632,4.50,14.40
2010.06.28 12:36:04.026,0.6317,0.632,1.30,14.40
2010.06.28 12:36:05.933,0.6317,0.63195,1.00,6.40
2010.06.28 12:36:06.273,0.63165,0.632,4.10,16.80
2010.06.28 12:36:06.612,0.63165,0.632,4.10,16.40
2010.06.28 12:36:06.950,0.63165,0.632,4.00,16.40
2010.06.28 12:36:08.926,0.63165,0.632,3.60,16.40
2010.06.28 12:36:09.170,0.63165,0.632,3.60,18.00
2010.06.28 12:36:09.411,0.63165,0.63195,4.10,4.80
2010.06.28 12:36:09.753,0.63175,0.63195,1.00,4.80
2010.06.28 12:36:09.952,0.63175,0.63205,1.00,13.60
2010.06.28 12:36:10.350,0.63175,0.63205,1.20,13.60
2010.06.28 12:36:11.332,0.63175,0.63205,1.00,13.60
2010.06.28 12:36:11.833,0.63175,0.632,1.00,4.80
2010.06.28 12:36:12.132,0.63175,0.63205,1.00,11.20
2010.06.28 12:36:12.431,0.63175,0.63205,1.00,13.60
2010.06.28 12:36:12.732,0.63175,0.632,1.00,2.40
2010.06.28 12:36:13.372,0.6317,0.632,3.10,16.00
2010.06.28 12:36:13.844,0.6317,0.632,1.00,16.00
2010.06.28 12:36:14.102,0.6317,0.632,2.80,12.00
2010.06.28 12:36:14.369,0.6317,0.632,2.80,2.40
2010.06.28 12:36:14.882,0.63175,0.632,1.00,2.40
2010.06.28 12:36:15.172,0.63175,0.63205,1.00,12.80
2010.06.28 12:36:15.463,0.63175,0.63205,2.00,7.20
2010.06.28 12:36:15.751,0.63175,0.63205,2.00,7.40
2010.06.28 12:36:16.101,0.63175,0.63205,2.00,12.00
2010.06.28 12:36:16.443,0.6317,0.63205,5.20,12.80
2010.06.28 12:36:16.781,0.6317,0.63205,5.20,13.00
2010.06.28 12:36:17.121,0.6317,0.63205,6.00,13.00
2010.06.28 12:36:17.460,0.6317,0.63205,5.20,12.80
2010.06.28 12:36:17.731,0.6317,0.632,2.80,12.00
2010.06.28 12:36:18.279,0.6317,0.632,5.20,12.00
2010.06.28 12:36:18.556,0.63175,0.632,1.00,12.00
2010.06.28 12:36:19.243,0.63175,0.632,1.00,12.10
2010.06.28 12:36:19.583,0.6317,0.632,3.20,12.10
2010.06.28 12:36:19.925,0.63165,0.632,4.00,12.80
2010.06.28 12:36:20.273,0.6317,0.632,1.00,3.20
2010.06.28 12:36:20.619,0.6317,0.63205,11.30,12.80
2010.06.28 12:36:20.966,0.63175,0.63205,1.00,12.80
2010.06.28 12:36:21.349,0.63175,0.63205,1.00,12.80
2010.06.28 12:36:21.703,0.63175,0.63205,4.90,9.60
2010.06.28 12:36:22.041,0.63175,0.63205,4.80,9.60
2010.06.28 12:36:22.561,0.63175,0.6321,9.60,15.20
2010.06.28 12:36:22.913,0.63175,0.6321,9.70,15.20
2010.06.28 12:36:23.200,0.6318,0.6321,1.00,15.20
2010.06.28 12:36:23.490,0.63175,0.6321,9.70,15.20
2010.06.28 12:36:23.916,0.63175,0.6321,9.70,16.80
2010.06.28 12:36:24.207,0.6318,0.6321,1.00,16.00
2010.06.28 12:36:24.666,0.63175,0.6321,9.60,16.00
2010.06.28 12:36:25.002,0.63175,0.6321,9.60,16.80
2010.06.28 12:36:25.775,0.6318,0.63215,12.00,15.90
2010.06.28 12:36:26.122,0.6318,0.63215,12.80,15.90
2010.06.28 12:36:27.092,0.63185,0.63215,1.00,15.10
2010.06.28 12:36:27.411,0.63185,0.63215,1.60,15.10
2010.06.28 12:36:28.962,0.63185,0.6322,2.40,14.40
2010.06.28 12:36:30.612,0.63185,0.6322,2.50,14.40
2010.06.28 12:36:30.855,0.6319,0.6322,1.00,12.80
2010.06.28 12:36:31.314,0.63195,0.6322,2.40,12.80
2010.06.28 12:36:31.659,0.63215,0.6324,1.00,14.40
2010.06.28 12:36:32.011,0.63225,0.6325,1.00,4.80
2010.06.28 12:36:32.355,0.63225,0.6324,1.00,9.60
2010.06.28 12:36:33.557,0.6322,0.6323,1.00,4.80
2010.06.28 12:36:33.907,0.6322,0.6324,7.20,9.60
2010.06.28 12:36:34.256,0.6322,0.63235,5.60,4.80
2010.06.28 12:36:34.602,0.6322,0.63235,4.80,4.80
2010.06.28 12:36:35.381,0.6322,0.6323,1.00,9.60
2010.06.28 12:36:35.731,0.63215,0.6323,3.20,4.80
2010.06.28 12:36:36.087,0.63215,0.6323,1.00,4.80
2010.06.28 12:36:36.435,0.6321,0.63225,4.00,4.80
2010.06.28 12:36:36.854,0.6321,0.63225,3.20,4.80
2010.06.28 12:36:37.203,0.6321,0.63225,4.80,4.80
2010.06.28 12:36:38.090,0.6321,0.6323,4.80,4.80
2010.06.28 12:36:38.433,0.6321,0.6324,4.90,2.40
2010.06.28 12:36:38.775,0.63215,0.6324,1.00,2.40
2010.06.28 12:36:39.289,0.63215,0.63245,1.60,12.00
2010.06.28 12:36:39.640,0.63215,0.63245,2.40,12.00
2010.06.28 12:36:39.987,0.63215,0.63245,1.60,12.80
2010.06.28 12:36:40.517,0.63215,0.63245,2.50,12.00
2010.06.28 12:36:40.804,0.63215,0.63245,2.40,12.00
2010.06.28 12:36:41.082,0.63215,0.6325,3.20,16.80
2010.06.28 12:36:41.362,0.6322,0.6325,1.60,16.00
2010.06.28 12:36:41.886,0.63225,0.6325,1.60,14.40
2010.06.28 12:36:42.138,0.63225,0.63255,1.60,12.00
2010.06.28 12:36:42.384,0.63225,0.6326,13.60,8.00
2010.06.28 12:36:42.632,0.63225,0.6326,1.60,15.20
2010.06.28 12:36:44.085,0.6323,0.6326,2.40,15.20
2010.06.28 12:36:44.437,0.6323,0.6326,2.40,2.40
2010.06.28 12:36:44.881,0.63235,0.63265,1.60,12.00
2010.06.28 12:36:45.227,0.6325,0.6327,10.00,2.40
2010.06.28 12:36:45.576,0.6326,0.6327,1.00,2.40
2010.06.28 12:36:45.928,0.6326,0.6327,1.60,2.40
2010.06.28 12:36:46.415,0.6326,0.6328,3.20,2.40
2010.06.28 12:36:46.760,0.6326,0.6329,4.00,1.60
2010.06.28 12:36:47.405,0.6326,0.6329,4.00,4.00
2010.06.28 12:36:48.039,0.6326,0.6329,4.00,4.10
2010.06.28 12:36:48.721,0.6326,0.6329,3.20,2.50
2010.06.28 12:36:49.240,0.63255,0.6329,2.80,12.80
2010.06.28 12:36:49.583,0.63255,0.6329,2.40,15.20
2010.06.28 12:36:49.927,0.63255,0.63285,1.00,12.80
2010.06.28 12:36:50.454,0.63255,0.63285,1.00,8.00
2010.06.28 12:36:50.714,0.63255,0.63285,1.00,1.00
2010.06.28 12:36:51.399,0.63255,0.63285,1.00,1.60
2010.06.28 12:36:51.748,0.63245,0.63275,2.40,1.00
2010.06.28 12:36:52.266,0.63245,0.63275,1.60,1.00
2010.06.28 12:36:52.616,0.6325,0.6328,3.20,10.40
2010.06.28 12:36:54.024,0.6325,0.6328,3.20,15.20
2010.06.28 12:36:54.623,0.6325,0.63275,3.20,1.00
2010.06.28 12:36:54.895,0.6325,0.6327,1.00,2.40
2010.06.28 12:36:55.161,0.63235,0.63265,2.40,7.20
2010.06.28 12:36:55.430,0.63235,0.63265,1.00,4.80
2010.06.28 12:36:55.779,0.63235,0.63265,1.00,9.60
2010.06.28 12:36:56.125,0.63235,0.63265,1.00,7.20
2010.06.28 12:36:56.650,0.63235,0.63265,1.00,9.60
2010.06.28 12:36:57.335,0.6323,0.63265,4.80,9.60
2010.06.28 12:36:57.687,0.6323,0.6326,4.00,4.80
2010.06.28 12:36:58.033,0.6323,0.63265,4.00,10.40
2010.06.28 12:36:59.393,0.6323,0.63265,3.20,12.00
2010.06.28 12:36:59.786,0.6323,0.6326,3.20,14.40
2010.06.28 12:37:00.817,0.63225,0.6326,1.60,15.20
2010.06.28 12:37:01.065,0.63225,0.6326,1.60,15.30
2010.06.28 12:37:02.612,0.6322,0.63255,15.20,1.00
