2016.03.22 23:00:00.110,0.75749,0.75765,1.00,1.00
2016.03.22 23:00:00.486,0.75753,0.75765,1.00,1.00
2016.03.22 23:00:00.688,0.75752,0.7577,1.00,1.00
2016.03.22 23:00:00.979,0.75752,0.75765,1.00,1.00
2016.03.22 23:00:01.080,0.75746,0.75765,1.00,1.00
2016.03.22 23:00:01.882,0.75747,0.75765,1.00,1.00
2016.03.22 23:00:02.462,0.75748,0.75765,1.00,1.00
2016.03.22 23:00:03.029,0.75747,0.75765,1.00,1.00
2016.03.22 23:00:03.130,0.75745,0.75765,1.50,1.00
2016.03.22 23:00:05.479,0.75745,0.7576,1.50,1.00
2016.03.22 23:00:06.627,0.75744,0.7576,1.00,1.00
2016.03.22 23:00:14.192,0.75743,0.7576,1.00,1.00
2016.03.22 23:00:17.744,0.75742,0.7576,1.00,1.00
2016.03.22 23:00:22.080,0.75741,0.7576,1.00,1.00
2016.03.22 23:00:26.653,0.7574,0.7576,1.00,1.00
2016.03.22 23:00:28.028,0.7574,0.75755,1.00,1.00
2016.03.22 23:00:28.541,0.7574,0.75756,1.00,1.00
2016.03.22 23:00:28.592,0.75737,0.75755,1.00,1.00
2016.03.22 23:00:28.726,0.75736,0.7575,1.50,1.00
2016.03.22 23:00:28.777,0.75733,0.7575,1.50,1.00
2016.03.22 23:00:29.187,0.75731,0.7575,1.00,1.00
2016.03.22 23:00:30.148,0.7573,0.7575,1.50,1.00
2016.03.22 23:00:30.249,0.7573,0.75755,1.50,1.00
2016.03.22 23:00:31.446,0.7573,0.75756,1.00,1.00
2016.03.22 23:00:31.910,0.75728,0.75756,1.00,1.00
2016.03.22 23:00:35.197,0.75728,0.7575,1.00,1.00
2016.03.22 23:00:35.498,0.75725,0.7575,1.00,1.00
2016.03.22 23:00:37.154,0.75723,0.7575,1.50,1.00
2016.03.22 23:00:39.467,0.75724,0.7575,1.00,1.00
2016.03.22 23:00:40.358,0.75724,0.75752,1.00,1.00
2016.03.22 23:00:40.887,0.75724,0.75753,1.00,1.50
2016.03.22 23:00:44.198,0.75724,0.7575,1.00,1.00
2016.03.22 23:00:44.858,0.75724,0.75753,1.00,1.00
2016.03.22 23:00:44.908,0.75726,0.75753,1.00,1.00
2016.03.22 23:00:48.075,0.75725,0.75753,1.00,1.50
2016.03.22 23:00:48.598,0.75725,0.7575,1.00,1.00
2016.03.22 23:00:49.078,0.75725,0.75753,1.00,1.50
2016.03.22 23:00:49.368,0.75725,0.7575,1.00,1.00
2016.03.22 23:00:52.165,0.75729,0.7575,1.00,1.00
2016.03.22 23:00:52.265,0.75731,0.75755,1.00,1.50
2016.03.22 23:00:52.366,0.75729,0.75755,1.00,1.50
2016.03.22 23:00:52.521,0.75732,0.75755,1.00,1.00
2016.03.22 23:00:53.025,0.75731,0.75755,1.00,1.00
2016.03.22 23:00:53.866,0.75729,0.75755,1.00,1.00
2016.03.22 23:00:57.169,0.75728,0.75755,1.50,1.00
2016.03.22 23:01:01.487,0.75729,0.75755,1.00,1.00
2016.03.22 23:01:01.818,0.75733,0.75755,1.00,1.00
2016.03.22 23:01:01.919,0.75735,0.75758,1.00,1.00
2016.03.22 23:01:02.020,0.75735,0.75761,1.00,1.50
2016.03.22 23:01:02.639,0.75736,0.75761,1.00,1.00
2016.03.22 23:01:03.144,0.75736,0.7576,1.00,1.00
2016.03.22 23:01:03.668,0.75735,0.75764,1.00,1.00
2016.03.22 23:01:04.878,0.75734,0.75764,1.50,1.00
2016.03.22 23:01:05.080,0.75732,0.75762,1.00,1.00
2016.03.22 23:01:05.382,0.75731,0.7576,1.00,1.00
2016.03.22 23:01:05.684,0.75728,0.75759,1.50,1.50
2016.03.22 23:01:11.828,0.7573,0.75759,1.00,1.00
2016.03.22 23:01:12.130,0.7573,0.75755,1.00,1.00
2016.03.22 23:01:12.397,0.75732,0.75759,1.00,1.00
2016.03.22 23:01:13.229,0.75729,0.75759,1.00,1.00
2016.03.22 23:01:13.380,0.75728,0.75755,1.50,1.00
2016.03.22 23:01:17.308,0.7573,0.75759,1.00,1.50
2016.03.22 23:01:18.200,0.7573,0.75756,1.00,1.00
2016.03.22 23:01:18.351,0.7573,0.75759,1.00,1.50
2016.03.22 23:01:19.317,0.7573,0.75758,1.00,1.00
2016.03.22 23:01:19.418,0.75728,0.75758,1.00,1.00
2016.03.22 23:01:19.619,0.75728,0.75755,1.00,1.00
2016.03.22 23:01:19.771,0.75724,0.75753,1.00,1.00
2016.03.22 23:01:20.613,0.75724,0.75755,1.00,2.25
2016.03.22 23:01:20.714,0.75726,0.75755,1.00,1.50
2016.03.22 23:01:21.044,0.75728,0.75758,1.00,1.00
2016.03.22 23:01:21.315,0.75728,0.75756,1.00,1.00
2016.03.22 23:01:21.608,0.75728,0.75758,1.00,1.00
2016.03.22 23:01:22.368,0.75728,0.75757,1.00,1.00
2016.03.22 23:01:22.760,0.75726,0.75756,1.00,1.00
2016.03.22 23:01:26.129,0.75726,0.75755,1.00,1.00
2016.03.22 23:01:26.230,0.75726,0.75753,1.00,1.00
2016.03.22 23:01:27.928,0.75722,0.75752,1.00,1.00
2016.03.22 23:01:33.852,0.75722,0.75751,1.00,1.00
2016.03.22 23:01:34.401,0.75722,0.7575,1.00,1.00
2016.03.22 23:01:37.563,0.75721,0.75749,1.00,1.00
2016.03.22 23:01:39.167,0.7572,0.75749,1.50,1.00
2016.03.22 23:01:39.218,0.7572,0.75745,1.00,1.00
2016.03.22 23:01:39.269,0.75716,0.75745,2.25,1.00
2016.03.22 23:01:39.319,0.75716,0.75743,1.00,1.00
2016.03.22 23:01:39.370,0.75713,0.75743,1.50,1.00
2016.03.22 23:01:39.897,0.75713,0.75742,1.00,1.00
2016.03.22 23:01:40.417,0.75713,0.75743,1.00,1.50
2016.03.22 23:01:40.959,0.75713,0.75742,1.00,1.00
2016.03.22 23:01:41.499,0.75714,0.75743,1.00,1.00
2016.03.22 23:01:47.942,0.75713,0.75743,1.00,1.50
2016.03.22 23:01:57.099,0.75713,0.75742,1.00,1.00
2016.03.22 23:01:57.644,0.75713,0.75743,1.50,1.00
2016.03.22 23:02:01.155,0.75714,0.75743,1.00,1.00
2016.03.22 23:02:03.576,0.75713,0.75743,1.00,1.50
2016.03.22 23:02:03.677,0.75712,0.7574,1.00,1.00
2016.03.22 23:02:03.986,0.7571,0.7574,1.50,1.00
2016.03.22 23:02:04.508,0.75709,0.7574,1.50,2.25
2016.03.22 23:02:05.597,0.7571,0.7574,1.00,1.50
2016.03.22 23:02:06.626,0.7571,0.75739,1.00,1.00
2016.03.22 23:02:07.472,0.7571,0.75738,1.00,1.00
2016.03.22 23:02:07.987,0.75711,0.75739,1.00,1.00
2016.03.22 23:02:08.089,0.75713,0.75742,1.00,1.00
2016.03.22 23:02:08.140,0.75715,0.75742,1.00,1.00
2016.03.22 23:02:08.392,0.75716,0.75746,1.00,1.00
2016.03.22 23:02:12.767,0.75717,0.75746,1.00,1.00
2016.03.22 23:02:13.080,0.75715,0.75746,3.00,1.50
2016.03.22 23:02:16.210,0.75715,0.75744,1.50,1.00
2016.03.22 23:02:21.809,0.75715,0.75743,1.50,1.00
2016.03.22 23:02:22.761,0.75712,0.75741,1.50,1.00
2016.03.22 23:02:22.812,0.75712,0.75739,1.00,1.50
2016.03.22 23:02:22.974,0.7571,0.75738,1.00,1.00
2016.03.22 23:02:29.570,0.75708,0.75738,1.00,1.00
2016.03.22 23:02:30.354,0.75707,0.75735,1.00,1.00
2016.03.22 23:02:30.856,0.75706,0.75735,1.00,1.00
2016.03.22 23:02:31.357,0.75705,0.75734,1.00,1.00
2016.03.22 23:02:31.860,0.75705,0.75735,1.50,2.25
2016.03.22 23:02:35.349,0.75705,0.75731,1.50,1.00
2016.03.22 23:02:35.450,0.75705,0.75734,1.00,1.00
2016.03.22 23:02:35.601,0.75706,0.75736,1.00,1.00
2016.03.22 23:02:35.651,0.75708,0.75736,1.00,1.00
2016.03.22 23:02:35.903,0.7571,0.75739,2.25,1.00
2016.03.22 23:02:35.954,0.75712,0.75739,1.00,1.00
2016.03.22 23:02:39.323,0.7571,0.75739,2.25,1.00
2016.03.22 23:02:39.575,0.75708,0.75737,1.50,1.00
2016.03.22 23:02:40.126,0.75706,0.75737,1.50,1.50
2016.03.22 23:02:40.836,0.75707,0.75737,1.00,1.00
2016.03.22 23:02:40.887,0.7571,0.75737,1.00,1.00
2016.03.22 23:02:41.198,0.75715,0.75743,1.00,1.00
2016.03.22 23:02:41.660,0.75712,0.75742,1.00,1.00
2016.03.22 23:02:41.761,0.75715,0.75742,1.00,1.00
2016.03.22 23:02:42.076,0.75712,0.75742,1.00,1.00
2016.03.22 23:02:42.310,0.75711,0.7574,1.50,1.00
2016.03.22 23:02:42.761,0.7571,0.75738,1.00,1.00
2016.03.22 23:02:44.386,0.75714,0.75738,1.00,1.50
2016.03.22 23:02:45.065,0.7571,0.75737,1.00,1.00
2016.03.22 23:02:45.166,0.75715,0.75738,1.00,1.00
2016.03.22 23:02:45.317,0.75715,0.75741,1.00,1.00
2016.03.22 23:02:47.309,0.75715,0.75742,1.00,1.00
2016.03.22 23:02:47.860,0.75715,0.75743,1.50,1.00
2016.03.22 23:02:48.366,0.7572,0.75743,1.00,1.00
2016.03.22 23:02:53.356,0.7572,0.75746,1.50,1.00
2016.03.22 23:02:53.457,0.75725,0.75749,1.00,1.00
2016.03.22 23:02:53.558,0.75725,0.75753,1.00,1.00
2016.03.22 23:02:53.966,0.7573,0.75754,1.00,1.00
2016.03.22 23:02:57.642,0.75725,0.75754,1.00,1.00
2016.03.22 23:02:58.043,0.75726,0.75756,1.00,1.50
2016.03.22 23:02:58.555,0.75726,0.75755,1.00,1.00
2016.03.22 23:03:00.076,0.75726,0.75756,1.00,1.00
2016.03.22 23:03:00.708,0.75725,0.75754,1.00,1.00
2016.03.22 23:03:03.170,0.75726,0.75756,1.00,1.00
2016.03.22 23:03:03.220,0.7573,0.75756,1.00,1.00
2016.03.22 23:03:03.523,0.75735,0.7576,1.00,1.00
2016.03.22 23:03:03.573,0.75735,0.75763,1.00,1.50
2016.03.22 23:03:03.882,0.75733,0.7576,1.00,1.00
2016.03.22 23:03:04.151,0.75731,0.7576,1.00,1.50
2016.03.22 23:03:04.252,0.7573,0.75758,2.25,1.00
2016.03.22 23:03:04.950,0.75731,0.75758,1.00,1.00
2016.03.22 23:03:07.053,0.75732,0.75758,1.00,1.00
2016.03.22 23:03:07.677,0.75733,0.75758,1.00,1.00
2016.03.22 23:03:10.266,0.75731,0.75758,1.00,1.00
2016.03.22 23:03:13.106,0.75735,0.75758,1.00,1.00
2016.03.22 23:03:16.304,0.75731,0.75758,1.00,1.00
2016.03.22 23:03:17.005,0.75732,0.75758,1.00,1.00
2016.03.22 23:03:20.295,0.75731,0.75758,1.00,1.00
2016.03.22 23:03:29.043,0.7573,0.75758,1.50,1.00
2016.03.22 23:03:29.704,0.75731,0.75758,1.00,1.00
2016.03.22 23:03:30.417,0.75733,0.75758,1.00,1.00
2016.03.22 23:03:31.255,0.75734,0.75758,1.00,1.00
2016.03.22 23:03:31.916,0.75735,0.75758,1.00,1.00
2016.03.22 23:03:31.967,0.75735,0.7576,1.00,1.00
2016.03.22 23:03:33.621,0.75736,0.7576,1.00,1.00
2016.03.22 23:03:33.873,0.75736,0.75763,1.00,1.00
2016.03.22 23:03:34.568,0.75735,0.75763,1.50,1.00
2016.03.22 23:03:35.096,0.75736,0.75763,1.00,1.00
2016.03.22 23:03:35.622,0.75735,0.75763,1.50,1.00
2016.03.22 23:03:35.824,0.75737,0.75763,1.00,1.00
2016.03.22 23:03:37.233,0.75735,0.75763,1.50,1.00
2016.03.22 23:03:38.557,0.75737,0.75763,1.00,1.00
2016.03.22 23:03:39.377,0.75737,0.75766,1.00,1.00
2016.03.22 23:03:40.015,0.75738,0.75766,1.00,1.00
2016.03.22 23:03:41.880,0.75739,0.75766,1.00,1.00
2016.03.22 23:03:42.132,0.75741,0.75766,1.00,1.00
2016.03.22 23:03:42.233,0.75741,0.75768,1.00,1.00
2016.03.22 23:03:42.538,0.75744,0.75771,1.00,1.00
2016.03.22 23:03:42.588,0.75744,0.75773,1.00,1.00
2016.03.22 23:03:42.844,0.75746,0.75773,1.00,1.00
2016.03.22 23:03:44.560,0.75744,0.75773,1.00,1.00
2016.03.22 23:03:45.094,0.75743,0.75773,1.50,1.00
2016.03.22 23:03:50.616,0.75745,0.75773,1.00,1.50
2016.03.22 23:03:51.165,0.75743,0.75773,1.50,1.50
2016.03.22 23:03:52.058,0.75745,0.75773,1.00,1.50
2016.03.22 23:03:52.705,0.75743,0.75773,1.50,1.50
2016.03.22 23:03:53.356,0.75743,0.75772,1.00,1.00
2016.03.22 23:03:54.744,0.75743,0.75773,1.50,1.50
2016.03.22 23:03:58.276,0.75743,0.75772,1.00,1.00
2016.03.22 23:04:02.191,0.75745,0.75772,1.00,1.00
2016.03.22 23:04:02.406,0.75743,0.75772,1.00,1.00
2016.03.22 23:04:03.062,0.75742,0.75771,1.00,1.00
2016.03.22 23:04:04.377,0.75745,0.75771,1.00,1.50
2016.03.22 23:04:09.645,0.75741,0.75771,1.50,1.50
2016.03.22 23:04:10.378,0.75741,0.7577,1.00,1.00
2016.03.22 23:04:10.479,0.7574,0.75768,1.50,1.00
2016.03.22 23:04:11.060,0.7574,0.75767,1.00,1.00
2016.03.22 23:04:11.851,0.7574,0.7577,2.25,1.50
2016.03.22 23:04:13.609,0.75742,0.7577,1.00,1.00
2016.03.22 23:04:14.663,0.75743,0.7577,1.00,1.00
2016.03.22 23:04:16.914,0.75745,0.7577,1.00,1.00
2016.03.22 23:04:17.014,0.75743,0.7577,1.00,1.00
2016.03.22 23:04:17.652,0.75744,0.7577,1.00,1.00
2016.03.22 23:04:17.968,0.75744,0.75772,1.00,1.00
2016.03.22 23:04:19.104,0.75745,0.75772,1.00,1.00
2016.03.22 23:04:21.325,0.75744,0.75772,1.00,1.00
2016.03.22 23:04:21.864,0.75743,0.75772,1.00,1.00
2016.03.22 23:04:21.965,0.75745,0.75772,1.00,1.00
2016.03.22 23:04:22.116,0.75742,0.75772,1.50,1.50
2016.03.22 23:04:25.475,0.75742,0.75771,1.00,1.00
2016.03.22 23:04:28.449,0.75741,0.7577,1.00,1.00
2016.03.22 23:04:28.785,0.75739,0.7577,2.25,1.00
2016.03.22 23:04:30.987,0.75742,0.7577,1.00,1.00
2016.03.22 23:04:31.644,0.75741,0.7577,1.00,1.00
2016.03.22 23:04:31.947,0.75742,0.75772,1.00,1.00
2016.03.22 23:04:32.481,0.75743,0.75773,1.00,1.50
2016.03.22 23:04:34.784,0.75744,0.75773,1.00,1.00
2016.03.22 23:04:37.586,0.75743,0.75773,1.00,1.00
2016.03.22 23:04:38.307,0.75742,0.75772,1.00,1.00
2016.03.22 23:04:38.808,0.75745,0.75773,1.00,1.00
2016.03.22 23:04:40.513,0.75746,0.75773,1.00,1.00
2016.03.22 23:04:41.437,0.75744,0.75773,1.00,1.00
2016.03.22 23:04:43.007,0.75742,0.75772,1.00,1.00
2016.03.22 23:04:43.543,0.75741,0.75769,1.00,1.00
2016.03.22 23:04:44.076,0.7574,0.75767,1.00,1.00
2016.03.22 23:04:49.183,0.75739,0.75767,1.00,1.50
2016.03.22 23:04:50.701,0.7574,0.75767,1.00,1.00
2016.03.22 23:04:50.852,0.7574,0.7577,1.50,1.50
2016.03.22 23:04:51.644,0.75741,0.7577,1.00,1.00
2016.03.22 23:04:52.387,0.7574,0.7577,1.50,1.00
2016.03.22 23:04:53.503,0.75741,0.7577,1.00,1.00
2016.03.22 23:04:54.587,0.7574,0.7577,1.50,1.00
2016.03.22 23:05:00.349,0.75739,0.75767,1.50,1.00
2016.03.22 23:05:00.852,0.7574,0.75767,1.50,1.00
2016.03.22 23:05:01.314,0.7574,0.75769,2.25,1.00
2016.03.22 23:05:01.813,0.75742,0.7577,1.00,1.50
2016.03.22 23:05:02.328,0.75741,0.7577,1.00,1.50
2016.03.22 23:05:02.836,0.7574,0.75769,1.50,1.00
2016.03.22 23:05:03.187,0.7574,0.75766,1.50,1.00
2016.03.22 23:05:05.446,0.7574,0.75768,1.50,1.00
2016.03.22 23:05:06.819,0.7574,0.75769,2.25,1.00
2016.03.22 23:05:07.484,0.7574,0.75768,1.50,1.00
2016.03.22 23:05:08.020,0.7574,0.75769,2.25,1.00
2016.03.22 23:05:10.965,0.75741,0.75769,1.00,1.00
2016.03.22 23:05:11.268,0.75743,0.7577,1.00,1.00
2016.03.22 23:05:11.469,0.75745,0.75774,1.00,1.50
2016.03.22 23:05:11.677,0.75747,0.75775,1.00,1.00
2016.03.22 23:05:11.828,0.75748,0.75777,1.00,1.50
2016.03.22 23:05:12.432,0.75749,0.75777,1.00,1.50
2016.03.22 23:05:12.947,0.7575,0.75777,1.00,1.00
2016.03.22 23:05:16.483,0.75748,0.75777,1.00,1.50
2016.03.22 23:05:16.534,0.75746,0.75774,1.00,1.00
2016.03.22 23:05:16.888,0.75744,0.75773,1.00,1.50
2016.03.22 23:05:17.475,0.75746,0.75776,1.00,1.50
2016.03.22 23:05:17.576,0.7575,0.75776,1.00,1.00
2016.03.22 23:05:17.777,0.75748,0.75776,1.00,1.00
2016.03.22 23:05:18.080,0.75746,0.75774,1.00,1.00
2016.03.22 23:05:18.583,0.75745,0.75773,1.00,1.00
2016.03.22 23:05:18.858,0.75742,0.75771,1.00,1.00
2016.03.22 23:05:19.590,0.75743,0.75771,1.00,1.00
2016.03.22 23:05:19.855,0.75741,0.75771,1.00,1.00
2016.03.22 23:05:20.638,0.75742,0.75771,1.00,1.00
2016.03.22 23:05:20.889,0.75745,0.75771,1.00,1.00
2016.03.22 23:05:21.396,0.75744,0.75771,1.00,1.00
2016.03.22 23:05:21.755,0.75744,0.75774,1.00,1.50
2016.03.22 23:05:22.258,0.75745,0.75774,1.00,1.00
2016.03.22 23:05:22.728,0.7575,0.75776,1.00,1.00
2016.03.22 23:05:22.929,0.75747,0.75776,1.00,1.00
2016.03.22 23:05:23.401,0.7575,0.75776,1.00,1.00
2016.03.22 23:05:23.502,0.75746,0.75776,1.50,1.00
2016.03.22 23:05:23.915,0.7575,0.75776,1.00,1.00
2016.03.22 23:05:24.344,0.75746,0.75775,1.00,1.00
2016.03.22 23:05:24.810,0.7575,0.75775,1.00,1.00
2016.03.22 23:05:25.322,0.7575,0.75776,1.00,1.00
2016.03.22 23:05:25.373,0.75748,0.75776,1.00,1.00
2016.03.22 23:05:25.474,0.7575,0.75776,1.00,1.00
2016.03.22 23:05:25.826,0.75746,0.75776,1.50,1.00
2016.03.22 23:05:26.192,0.75744,0.75774,1.00,1.00
2016.03.22 23:05:26.727,0.75745,0.75774,1.00,1.00
2016.03.22 23:05:27.230,0.75746,0.75775,1.00,1.00
2016.03.22 23:05:27.744,0.75745,0.75774,1.00,1.00
2016.03.22 23:05:27.901,0.75743,0.75774,1.00,1.00
2016.03.22 23:05:28.002,0.75743,0.75771,1.00,1.00
2016.03.22 23:05:28.425,0.75745,0.75771,1.00,1.00
2016.03.22 23:05:28.576,0.75743,0.75771,1.00,1.00
2016.03.22 23:05:28.677,0.75745,0.75771,1.00,1.00
2016.03.22 23:05:29.414,0.75741,0.75771,1.50,1.00
2016.03.22 23:05:29.465,0.75743,0.75771,1.00,1.00
2016.03.22 23:05:29.806,0.75745,0.75771,1.00,1.00
2016.03.22 23:05:29.907,0.75745,0.75774,1.00,1.00
2016.03.22 23:05:30.489,0.75747,0.75774,1.00,1.00
2016.03.22 23:05:30.792,0.7575,0.75779,1.50,1.00
2016.03.22 23:05:31.094,0.75753,0.75779,1.00,1.00
2016.03.22 23:05:31.195,0.75753,0.75781,1.00,1.00
2016.03.22 23:05:31.484,0.75751,0.7578,1.00,1.00
2016.03.22 23:05:34.000,0.75751,0.75781,1.50,1.50
2016.03.22 23:05:34.101,0.7575,0.75778,1.00,1.00
2016.03.22 23:05:34.855,0.75749,0.75778,1.00,1.00
2016.03.22 23:05:35.357,0.7575,0.75778,1.00,1.00
2016.03.22 23:05:35.900,0.75751,0.75778,1.00,1.00
2016.03.22 23:05:36.212,0.75753,0.75781,1.00,1.00
2016.03.22 23:05:36.363,0.75755,0.75781,1.00,1.00
2016.03.22 23:05:36.702,0.75755,0.75783,1.00,1.50
2016.03.22 23:05:40.316,0.75755,0.75782,1.00,1.00
2016.03.22 23:05:40.417,0.75751,0.75781,1.50,1.00
2016.03.22 23:05:40.860,0.75751,0.75778,1.00,1.00
2016.03.22 23:05:41.051,0.75748,0.75778,1.00,1.00
2016.03.22 23:05:41.303,0.7575,0.75778,1.00,1.00
2016.03.22 23:05:41.519,0.75748,0.75778,1.50,1.00
2016.03.22 23:05:42.035,0.75749,0.75778,1.00,1.00
2016.03.22 23:05:42.537,0.75748,0.75777,1.00,1.00
2016.03.22 23:05:42.919,0.75745,0.75775,1.50,1.00
2016.03.22 23:05:45.134,0.75745,0.75774,1.00,1.00
2016.03.22 23:05:45.694,0.75744,0.75775,1.00,1.50
2016.03.22 23:05:46.444,0.75744,0.75774,1.00,1.00
2016.03.22 23:05:47.037,0.75745,0.75775,1.00,1.50
2016.03.22 23:05:47.626,0.75746,0.75775,1.50,1.00
2016.03.22 23:05:48.174,0.75745,0.75775,1.00,1.00
2016.03.22 23:05:49.031,0.75744,0.75775,3.00,1.00
2016.03.22 23:05:49.536,0.75748,0.75775,1.00,1.00
2016.03.22 23:05:49.587,0.75748,0.75777,1.00,1.00
2016.03.22 23:05:49.638,0.7575,0.7578,1.00,1.00
2016.03.22 23:05:50.145,0.75751,0.7578,1.00,1.00
2016.03.22 23:05:50.196,0.75751,0.75783,1.50,1.00
2016.03.22 23:05:50.246,0.75753,0.75783,1.00,1.00
2016.03.22 23:05:50.297,0.75754,0.75785,1.00,1.00
2016.03.22 23:05:50.599,0.75756,0.75785,1.00,1.00
2016.03.22 23:05:50.952,0.75757,0.75787,2.25,1.00
2016.03.22 23:05:52.215,0.7576,0.75787,1.00,1.00
2016.03.22 23:05:53.599,0.7576,0.7579,1.00,1.00
2016.03.22 23:05:54.254,0.75759,0.7579,1.00,1.00
2016.03.22 23:05:54.758,0.7576,0.7579,1.00,1.00
2016.03.22 23:05:55.259,0.75759,0.7579,1.00,1.50
2016.03.22 23:05:58.453,0.75756,0.75786,1.00,1.00
2016.03.22 23:05:58.955,0.75755,0.75786,1.50,1.00
2016.03.22 23:06:03.617,0.75755,0.75785,1.00,1.00
2016.03.22 23:06:04.260,0.75755,0.75786,1.00,1.50
2016.03.22 23:06:05.249,0.75755,0.75785,1.00,1.00
2016.03.22 23:06:06.066,0.75755,0.75786,1.00,1.50
2016.03.22 23:06:06.968,0.75755,0.75785,1.00,1.00
2016.03.22 23:06:08.119,0.75755,0.75786,1.00,1.50
2016.03.22 23:06:08.699,0.75756,0.75786,1.00,1.00
2016.03.22 23:06:09.216,0.75755,0.75786,1.50,1.00
2016.03.22 23:06:11.165,0.75753,0.75783,1.00,1.00
2016.03.22 23:06:11.467,0.7575,0.75779,1.00,1.00
2016.03.22 23:06:11.669,0.75745,0.75775,1.50,1.00
2016.03.22 23:06:14.276,0.75744,0.75772,1.50,1.00
2016.03.22 23:06:14.886,0.75743,0.75772,1.00,1.00
2016.03.22 23:06:15.387,0.75742,0.75772,1.00,1.00
2016.03.22 23:06:16.852,0.75741,0.7577,1.00,1.00
2016.03.22 23:06:17.382,0.75741,0.75768,1.00,1.00
2016.03.22 23:06:17.533,0.75741,0.7577,1.00,1.00
2016.03.22 23:06:18.206,0.7574,0.7577,2.25,1.00
2016.03.22 23:06:18.307,0.7574,0.75768,1.00,1.00
2016.03.22 23:06:18.913,0.75738,0.75768,1.00,1.00
2016.03.22 23:06:23.291,0.75736,0.75765,1.00,1.00
2016.03.22 23:06:23.773,0.7574,0.75765,1.00,1.00
2016.03.22 23:06:23.925,0.7574,0.75768,1.00,1.00
2016.03.22 23:06:24.039,0.75738,0.75768,1.50,1.00
2016.03.22 23:06:25.196,0.75738,0.75765,1.00,1.00
2016.03.22 23:06:25.246,0.75735,0.75765,1.00,1.00
2016.03.22 23:06:25.751,0.75735,0.75764,1.50,1.00
2016.03.22 23:06:26.461,0.75735,0.75765,1.50,1.50
2016.03.22 23:06:27.689,0.75735,0.75764,1.50,1.00
2016.03.22 23:06:28.273,0.75735,0.75765,1.50,1.50
2016.03.22 23:06:30.353,0.75739,0.75765,1.00,1.00
2016.03.22 23:06:30.605,0.75736,0.75765,1.00,1.00
2016.03.22 23:06:31.347,0.75735,0.75765,1.50,1.50
2016.03.22 23:06:33.054,0.75736,0.75765,1.00,1.50
2016.03.22 23:06:33.155,0.75735,0.75761,1.50,1.00
2016.03.22 23:06:33.457,0.75732,0.7576,1.00,1.00
2016.03.22 23:06:33.990,0.75731,0.75757,1.00,1.00
2016.03.22 23:06:34.594,0.75731,0.75758,1.00,1.00
2016.03.22 23:06:35.206,0.75731,0.75759,1.50,1.00
2016.03.22 23:06:35.762,0.75731,0.75758,1.00,1.00
2016.03.22 23:06:39.455,0.75731,0.75759,1.00,1.00
2016.03.22 23:06:40.673,0.7573,0.75758,1.00,1.00
2016.03.22 23:06:41.026,0.75726,0.75757,1.00,1.50
2016.03.22 23:06:41.077,0.75724,0.75754,1.50,1.50
2016.03.22 23:06:41.580,0.75723,0.75753,1.00,1.00
2016.03.22 23:06:42.678,0.75725,0.75753,1.00,1.00
2016.03.22 23:06:43.230,0.75725,0.75754,1.00,1.00
2016.03.22 23:06:43.503,0.75726,0.75756,1.50,1.00
2016.03.22 23:06:44.985,0.75726,0.75755,1.00,1.00
2016.03.22 23:06:45.486,0.75725,0.75754,1.00,1.00
2016.03.22 23:06:46.324,0.7573,0.75756,1.00,1.00
2016.03.22 23:06:48.002,0.7573,0.75758,1.00,1.00
2016.03.22 23:06:48.204,0.75735,0.75761,1.00,1.00
2016.03.22 23:06:48.752,0.75734,0.75761,1.50,1.00
2016.03.22 23:06:48.906,0.75734,0.75764,2.25,1.00
2016.03.22 23:06:49.542,0.75735,0.75764,1.00,1.00
2016.03.22 23:06:49.596,0.75736,0.75767,1.00,1.50
2016.03.22 23:06:52.939,0.75734,0.75764,1.50,1.00
2016.03.22 23:06:53.592,0.75735,0.75764,1.00,1.00
2016.03.22 23:06:56.189,0.75735,0.75761,1.00,1.00
2016.03.22 23:06:56.290,0.7573,0.75761,2.25,1.00
2016.03.22 23:06:56.499,0.7573,0.75758,1.00,1.00
2016.03.22 23:07:01.526,0.75729,0.75758,1.00,1.00
2016.03.22 23:07:02.177,0.7573,0.75758,1.00,1.00
2016.03.22 23:07:03.244,0.75729,0.75758,1.00,1.00
2016.03.22 23:07:03.751,0.7573,0.75758,1.00,1.00
2016.03.22 23:07:09.432,0.75728,0.75758,1.00,1.00
2016.03.22 23:07:10.593,0.75725,0.75756,1.00,1.00
2016.03.22 23:07:12.752,0.75726,0.75756,1.00,1.00
2016.03.22 23:07:13.278,0.75725,0.75755,1.00,1.00
2016.03.22 23:07:13.803,0.75725,0.75754,1.50,1.00
2016.03.22 23:07:14.872,0.75725,0.75753,1.50,1.00
2016.03.22 23:07:19.058,0.7573,0.75753,1.00,1.50
2016.03.22 23:07:19.109,0.7573,0.75755,1.00,1.00
2016.03.22 23:07:19.260,0.7573,0.75759,1.00,1.00
2016.03.22 23:07:24.096,0.7573,0.75758,1.00,1.00
2016.03.22 23:07:26.612,0.7573,0.75757,1.00,1.00
2016.03.22 23:07:26.713,0.75728,0.75757,1.00,1.00
2016.03.22 23:07:27.252,0.75728,0.75756,1.00,1.00
2016.03.22 23:07:29.815,0.75728,0.75757,1.00,1.00
2016.03.22 23:07:30.332,0.75728,0.75758,1.00,1.00
2016.03.22 23:07:30.513,0.7573,0.75758,1.00,1.00
2016.03.22 23:07:30.693,0.75728,0.75758,1.00,1.00
2016.03.22 23:07:30.912,0.7573,0.75758,1.00,1.00
2016.03.22 23:07:31.242,0.75728,0.75758,1.00,1.00
2016.03.22 23:07:32.715,0.7573,0.75758,1.00,1.00
2016.03.22 23:07:35.422,0.75728,0.75758,1.00,1.00
2016.03.22 23:07:37.189,0.75728,0.75759,1.00,1.50
2016.03.22 23:07:37.844,0.75728,0.75758,1.00,1.00
2016.03.22 23:07:39.202,0.75727,0.75756,1.00,1.50
2016.03.22 23:07:39.742,0.75726,0.75756,1.00,1.50
2016.03.22 23:07:40.045,0.75726,0.75754,1.00,1.00
2016.03.22 23:07:40.498,0.7573,0.75755,1.00,1.00
2016.03.22 23:07:41.038,0.7573,0.75756,1.00,1.50
2016.03.22 23:07:44.345,0.75726,0.75756,1.00,1.50
2016.03.22 23:07:44.598,0.7573,0.75756,1.00,1.50
2016.03.22 23:07:45.463,0.75726,0.75756,1.00,1.50
2016.03.22 23:07:45.692,0.7573,0.75756,1.00,1.50
2016.03.22 23:07:46.497,0.7573,0.75754,1.00,1.00
2016.03.22 23:07:47.016,0.7573,0.75755,1.00,1.00
2016.03.22 23:07:47.666,0.7573,0.75754,1.00,1.00
2016.03.22 23:07:49.172,0.75726,0.75754,1.00,1.00
2016.03.22 23:07:49.707,0.75725,0.75754,1.00,1.00
2016.03.22 23:07:49.770,0.75725,0.75752,1.00,1.00
2016.03.22 23:07:52.033,0.75725,0.75753,1.00,1.00
2016.03.22 23:07:52.398,0.7573,0.75752,1.00,1.00
2016.03.22 23:07:52.472,0.75725,0.75752,1.00,1.00
2016.03.22 23:07:52.742,0.75725,0.75754,1.00,1.00
2016.03.22 23:07:52.843,0.75725,0.75752,1.00,1.00
2016.03.22 23:07:53.399,0.75725,0.75753,1.00,1.00
2016.03.22 23:07:54.723,0.75725,0.75752,1.00,1.00
2016.03.22 23:07:55.312,0.75725,0.75753,1.50,1.00
2016.03.22 23:07:57.578,0.75725,0.75752,1.00,1.00
2016.03.22 23:08:02.919,0.75725,0.75753,1.50,1.00
2016.03.22 23:08:03.524,0.75725,0.75752,1.00,1.00
2016.03.22 23:08:04.035,0.75725,0.75753,1.50,1.00
2016.03.22 23:08:06.687,0.75725,0.75752,1.00,1.00
2016.03.22 23:08:07.199,0.75725,0.75753,1.00,1.00
2016.03.22 23:08:07.718,0.75725,0.75754,1.00,1.00
2016.03.22 23:08:08.403,0.75725,0.75753,1.00,1.00
2016.03.22 23:08:08.908,0.75725,0.75754,1.00,1.00
2016.03.22 23:08:10.731,0.7573,0.75754,1.00,1.00
2016.03.22 23:08:11.566,0.7573,0.75755,1.00,1.50
2016.03.22 23:08:14.651,0.7573,0.75752,1.00,1.00
2016.03.22 23:08:14.965,0.75732,0.75753,1.00,1.00
2016.03.22 23:08:15.217,0.75732,0.75756,1.00,1.00
2016.03.22 23:08:15.597,0.75732,0.75758,1.00,1.00
2016.03.22 23:08:17.141,0.75732,0.75759,1.00,1.00
2016.03.22 23:08:17.242,0.75735,0.75759,1.00,1.00
2016.03.22 23:08:20.253,0.75738,0.75759,1.00,1.00
2016.03.22 23:08:20.902,0.75738,0.7576,1.00,1.00
2016.03.22 23:08:23.772,0.75738,0.75761,1.00,1.00
2016.03.22 23:08:27.829,0.75738,0.7576,1.00,1.00
2016.03.22 23:08:28.322,0.75738,0.75762,1.00,1.00
2016.03.22 23:08:29.112,0.75738,0.75761,1.00,1.00
2016.03.22 23:08:29.749,0.75738,0.75763,1.00,1.00
2016.03.22 23:08:30.264,0.75738,0.75762,1.00,1.00
2016.03.22 23:08:33.920,0.75738,0.75761,1.00,1.00
2016.03.22 23:08:34.772,0.75738,0.75762,1.00,1.00
2016.03.22 23:08:35.268,0.75736,0.75763,1.00,1.00
2016.03.22 23:08:35.419,0.75736,0.75761,1.00,1.00
2016.03.22 23:08:36.019,0.75736,0.75762,1.00,1.00
2016.03.22 23:08:36.555,0.75736,0.75761,1.00,1.00
2016.03.22 23:08:37.362,0.75736,0.75762,1.00,1.00
2016.03.22 23:08:37.876,0.75736,0.75761,1.00,1.00
2016.03.22 23:08:38.404,0.75736,0.75762,1.00,1.00
2016.03.22 23:08:42.240,0.75736,0.75761,1.00,1.00
2016.03.22 23:08:42.778,0.75736,0.75762,1.00,1.00
2016.03.22 23:08:43.287,0.75736,0.75761,1.00,1.00
2016.03.22 23:08:44.029,0.75736,0.75762,1.00,1.00
2016.03.22 23:08:47.286,0.75738,0.75762,1.00,1.00
2016.03.22 23:08:48.147,0.75738,0.75763,1.00,1.00
2016.03.22 23:08:48.471,0.75738,0.75761,1.00,1.00
2016.03.22 23:08:49.036,0.75738,0.75763,1.00,1.00
2016.03.22 23:08:49.582,0.75738,0.75762,1.00,1.00
2016.03.22 23:08:50.237,0.75738,0.75761,1.00,1.00
2016.03.22 23:08:50.801,0.75738,0.75762,1.00,1.00
2016.03.22 23:08:51.562,0.75738,0.75761,1.00,1.00
2016.03.22 23:08:52.064,0.75738,0.75762,1.00,1.00
2016.03.22 23:08:53.559,0.75738,0.75761,1.00,1.00
2016.03.22 23:08:54.261,0.75738,0.75762,1.00,1.00
2016.03.22 23:08:54.842,0.75738,0.75761,1.00,1.00
2016.03.22 23:08:55.442,0.75738,0.75762,1.00,1.00
2016.03.22 23:08:55.551,0.75738,0.75764,1.00,1.00
2016.03.22 23:08:55.679,0.75744,0.75767,1.00,1.52
2016.03.22 23:08:55.730,0.75744,0.75771,1.00,1.00
2016.03.22 23:08:55.881,0.75747,0.75773,1.00,1.00
2016.03.22 23:08:55.982,0.75747,0.75775,1.00,1.00
2016.03.22 23:08:56.563,0.75747,0.75774,1.00,1.00
2016.03.22 23:08:56.981,0.75747,0.75772,1.00,1.00
2016.03.22 23:08:57.391,0.75747,0.75774,1.00,1.00
2016.03.22 23:08:57.945,0.75747,0.75773,1.00,1.00
2016.03.22 23:08:59.240,0.75747,0.75772,1.00,1.00
2016.03.22 23:08:59.747,0.75747,0.75773,1.00,1.00
2016.03.22 23:09:00.348,0.75747,0.75772,1.00,1.00
2016.03.22 23:09:00.883,0.75747,0.75773,1.00,1.00
2016.03.22 23:09:01.699,0.75747,0.75774,1.00,1.00
2016.03.22 23:09:01.983,0.75747,0.75772,1.00,1.00
2016.03.22 23:09:02.273,0.75747,0.75774,1.00,1.00
2016.03.22 23:09:02.852,0.75748,0.75773,1.00,1.00
2016.03.22 23:09:03.400,0.75748,0.75772,1.00,1.00
2016.03.22 23:09:04.092,0.75748,0.75771,1.00,1.00
2016.03.22 23:09:05.994,0.75748,0.7577,1.00,1.00
2016.03.22 23:09:07.197,0.75748,0.75769,1.00,1.00
2016.03.22 23:09:07.401,0.75747,0.75771,1.00,1.00
2016.03.22 23:09:07.556,0.75747,0.75769,1.00,1.00
2016.03.22 23:09:07.870,0.75743,0.75769,1.00,1.00
2016.03.22 23:09:07.971,0.7574,0.75764,1.00,1.00
2016.03.22 23:09:10.109,0.7574,0.75762,1.00,1.00
2016.03.22 23:09:12.206,0.7574,0.75763,1.50,1.00
2016.03.22 23:09:12.880,0.7574,0.75762,1.50,1.00
2016.03.22 23:09:16.704,0.75743,0.75762,1.00,1.00
2016.03.22 23:09:17.268,0.75743,0.75763,1.00,1.00
2016.03.22 23:09:18.524,0.75743,0.75762,1.00,1.00
2016.03.22 23:09:23.119,0.75743,0.75763,1.00,1.00
2016.03.22 23:09:23.281,0.75743,0.75765,1.00,1.00
2016.03.22 23:09:23.583,0.75745,0.75765,1.00,1.00
2016.03.22 23:09:24.211,0.75745,0.75764,1.00,1.00
2016.03.22 23:09:24.972,0.75745,0.75763,1.00,1.00
2016.03.22 23:09:25.214,0.75742,0.75763,1.00,1.00
2016.03.22 23:09:25.315,0.75745,0.75767,1.00,1.00
2016.03.22 23:09:25.365,0.75747,0.75767,1.00,1.00
2016.03.22 23:09:25.718,0.75747,0.75771,1.00,1.00
2016.03.22 23:09:25.869,0.75751,0.75771,1.00,1.00
2016.03.22 23:09:26.020,0.75751,0.75775,1.00,1.00
2016.03.22 23:09:26.071,0.75755,0.75775,1.00,1.00
2016.03.22 23:09:26.222,0.75757,0.75778,1.00,1.00
2016.03.22 23:09:26.715,0.75757,0.7578,1.00,1.00
2016.03.22 23:09:27.117,0.7576,0.75783,1.00,1.00
2016.03.22 23:09:27.419,0.7576,0.75781,1.00,1.00
2016.03.22 23:09:27.968,0.7576,0.7578,1.00,1.00
2016.03.22 23:09:31.996,0.7576,0.75781,1.00,1.00
2016.03.22 23:09:32.581,0.7576,0.7578,1.00,1.00
2016.03.22 23:09:33.133,0.7576,0.75781,1.00,1.00
2016.03.22 23:09:33.334,0.7576,0.75783,1.00,1.00
2016.03.22 23:10:02.373,0.75758,0.75778,1.00,1.00
2016.03.22 23:10:02.784,0.75755,0.75776,1.00,1.00
2016.03.22 23:10:03.172,0.75755,0.75779,1.00,1.00
2016.03.22 23:10:03.791,0.75755,0.75778,1.00,1.50
2016.03.22 23:10:04.443,0.75755,0.75779,1.00,1.50
2016.03.22 23:10:05.192,0.75755,0.75778,1.00,1.00
2016.03.22 23:10:05.982,0.75755,0.75779,1.00,1.50
2016.03.22 23:10:06.963,0.75755,0.7578,1.00,1.50
2016.03.22 23:10:15.083,0.75755,0.75782,1.00,1.50
2016.03.22 23:10:15.325,0.75757,0.75783,1.00,1.50
2016.03.22 23:10:15.627,0.7576,0.75784,1.00,1.00
2016.03.22 23:10:15.678,0.7576,0.75786,1.00,1.50
2016.03.22 23:10:16.336,0.7576,0.75785,1.00,1.00
2016.03.22 23:10:19.267,0.7576,0.75786,1.00,1.00
2016.03.22 23:10:22.081,0.7576,0.75785,1.00,1.00
2016.03.22 23:10:22.613,0.7576,0.75786,1.00,1.00
2016.03.22 23:10:26.703,0.7576,0.75785,1.00,1.00
2016.03.22 23:10:41.095,0.75762,0.75785,1.00,1.00
2016.03.22 23:10:46.881,0.75762,0.75787,1.00,1.12
2016.03.22 23:10:47.711,0.75762,0.75785,1.00,1.00
2016.03.22 23:10:48.371,0.75762,0.75788,1.00,1.50
2016.03.22 23:10:53.321,0.75762,0.75788,1.00,1.12
2016.03.22 23:10:57.047,0.75762,0.75787,1.00,1.27
2016.03.22 23:10:57.098,0.75762,0.75785,1.00,1.00
2016.03.22 23:10:57.454,0.75762,0.75785,1.00,1.75
2016.03.22 23:11:01.774,0.75762,0.75785,1.00,1.87
2016.03.22 23:11:02.750,0.75762,0.75785,1.00,1.00
2016.03.22 23:11:05.271,0.75762,0.75784,1.00,1.00
2016.03.22 23:11:05.435,0.75759,0.75782,1.00,1.00
2016.03.22 23:11:05.536,0.75759,0.7578,1.00,1.00
2016.03.22 23:11:05.587,0.75757,0.75779,1.00,1.00
2016.03.22 23:11:06.118,0.75757,0.75778,1.00,1.00
2016.03.22 23:11:06.256,0.75755,0.75778,1.00,1.00
2016.03.22 23:11:08.483,0.75755,0.75777,1.00,1.00
2016.03.22 23:11:09.781,0.75755,0.75776,1.00,1.00
2016.03.22 23:11:09.832,0.75752,0.75775,1.00,1.50
2016.03.22 23:11:09.933,0.75749,0.75772,1.00,1.00
2016.03.22 23:11:10.472,0.75749,0.75771,1.00,1.00
2016.03.22 23:11:10.913,0.75747,0.75771,1.00,1.00
2016.03.22 23:11:12.602,0.75747,0.7577,1.00,1.00
2016.03.22 23:11:13.303,0.75747,0.75772,1.00,1.00
2016.03.22 23:11:14.328,0.75747,0.75771,1.00,1.00
2016.03.22 23:11:14.644,0.75744,0.75768,1.00,1.12
2016.03.22 23:11:14.745,0.75744,0.7577,1.00,1.50
2016.03.22 23:11:16.247,0.75744,0.75771,1.00,1.00
2016.03.22 23:11:16.906,0.75744,0.75772,1.00,1.00
2016.03.22 23:11:17.370,0.75747,0.75772,1.00,1.00
2016.03.22 23:11:17.673,0.7575,0.75773,1.00,1.00
2016.03.22 23:11:17.723,0.7575,0.75775,1.00,1.87
2016.03.22 23:11:18.954,0.7575,0.75773,1.00,1.00
2016.03.22 23:11:21.711,0.7575,0.75774,1.00,1.00
2016.03.22 23:11:22.312,0.7575,0.75775,1.00,1.87
2016.03.22 23:11:52.340,0.7575,0.75776,1.00,1.87
2016.03.22 23:12:00.291,0.7575,0.75779,1.00,1.50
2016.03.22 23:12:00.442,0.75752,0.75779,1.00,1.00
2016.03.22 23:12:00.971,0.75752,0.7578,1.00,3.00
2016.03.22 23:12:02.251,0.75752,0.75778,1.00,1.00
2016.03.22 23:12:02.959,0.75752,0.75779,1.00,1.00
2016.03.22 23:12:03.466,0.75752,0.7578,1.00,2.25
2016.03.22 23:12:04.468,0.75752,0.75779,1.00,1.00
2016.03.22 23:12:05.354,0.75752,0.7578,1.00,2.25
2016.03.22 23:12:11.607,0.75752,0.75778,1.00,1.00
2016.03.22 23:12:36.399,0.75752,0.75777,1.00,1.00
2016.03.22 23:12:36.990,0.75752,0.75779,1.00,1.00
2016.03.22 23:12:44.001,0.75752,0.75778,1.00,1.00
2016.03.22 23:12:49.806,0.75752,0.75777,1.00,1.00
2016.03.22 23:12:50.209,0.75749,0.75777,1.50,1.50
2016.03.22 23:12:50.615,0.75749,0.75775,1.00,1.00
2016.03.22 23:12:53.709,0.75749,0.75776,1.00,1.12
2016.03.22 23:13:02.672,0.75749,0.75775,1.00,1.00
2016.03.22 23:13:02.824,0.75747,0.75774,1.00,1.50
2016.03.22 23:13:03.329,0.75747,0.75773,1.00,1.00
2016.03.22 23:13:04.639,0.75747,0.75774,1.00,2.02
2016.03.22 23:13:07.423,0.75747,0.75773,1.00,1.00
2016.03.22 23:13:07.739,0.75747,0.7577,1.00,1.00
2016.03.22 23:13:11.928,0.75747,0.75775,1.00,1.00
2016.03.22 23:13:13.490,0.7575,0.75775,1.00,1.00
2016.03.22 23:13:22.439,0.75751,0.75775,1.00,1.00
2016.03.22 23:13:22.980,0.7575,0.75775,1.00,1.00
2016.03.22 23:13:35.018,0.7575,0.75773,1.00,1.00
2016.03.22 23:13:35.320,0.75747,0.7577,1.00,1.00
2016.03.22 23:13:38.262,0.75747,0.75773,1.00,1.00
2016.03.22 23:13:38.418,0.75747,0.75775,1.00,1.12
2016.03.22 23:13:40.764,0.75748,0.75775,1.00,1.12
2016.03.22 23:13:41.325,0.75749,0.75775,1.00,1.12
2016.03.22 23:13:49.069,0.75752,0.75775,1.00,1.12
2016.03.22 23:14:05.275,0.75752,0.75779,1.00,1.75
2016.03.22 23:14:09.159,0.75752,0.75775,1.00,1.00
2016.03.22 23:14:09.261,0.75752,0.75778,1.00,1.50
2016.03.22 23:14:20.051,0.7575,0.75778,1.00,1.50
2016.03.22 23:14:25.315,0.7575,0.7578,1.00,3.75
2016.03.22 23:14:35.156,0.7575,0.75775,1.00,1.00
2016.03.22 23:14:42.190,0.75746,0.7577,1.87,1.00
2016.03.22 23:14:42.291,0.75746,0.75774,1.00,1.57
2016.03.22 23:14:42.341,0.75748,0.75775,1.00,1.75
2016.03.22 23:14:42.443,0.75748,0.75775,1.00,1.50
2016.03.22 23:14:42.493,0.7575,0.75776,1.00,1.12
2016.03.22 23:14:43.119,0.7575,0.75775,1.00,1.00
2016.03.22 23:14:53.844,0.75748,0.75775,1.00,1.00
2016.03.22 23:14:56.910,0.75748,0.75774,1.00,1.00
2016.03.22 23:14:57.011,0.75745,0.7577,1.12,1.00
2016.03.22 23:14:57.112,0.75745,0.75774,1.00,1.50
2016.03.22 23:14:57.627,0.75745,0.75775,1.87,1.00
2016.03.22 23:14:57.728,0.75748,0.75775,1.00,1.00
2016.03.22 23:14:58.267,0.75747,0.75775,1.00,1.00
2016.03.22 23:14:58.667,0.75749,0.75775,1.00,1.00
2016.03.22 23:14:59.417,0.75749,0.75778,1.00,1.75
2016.03.22 23:15:01.648,0.75749,0.75779,1.50,2.40
2016.03.22 23:15:03.555,0.7575,0.75779,1.00,1.12
2016.03.22 23:15:03.716,0.75752,0.75781,1.00,1.37
2016.03.22 23:15:03.766,0.75752,0.75781,1.00,1.00
2016.03.22 23:15:05.796,0.75752,0.7578,1.00,1.00
2016.03.22 23:15:07.001,0.75751,0.75779,1.87,1.00
2016.03.22 23:15:09.237,0.75751,0.7578,1.12,2.25
2016.03.22 23:15:09.820,0.75752,0.7578,1.00,1.00
2016.03.22 23:15:10.739,0.75751,0.7578,1.12,1.50
2016.03.22 23:15:19.840,0.75751,0.75779,1.00,1.00
2016.03.22 23:15:25.052,0.75751,0.75779,1.00,1.37
2016.03.22 23:15:25.583,0.75751,0.75779,1.00,1.75
2016.03.22 23:15:26.405,0.75751,0.75779,1.00,1.12
2016.03.22 23:15:33.049,0.7575,0.75779,1.00,1.87
2016.03.22 23:15:34.960,0.7575,0.75778,1.00,1.00
2016.03.22 23:15:35.494,0.75749,0.75778,1.50,1.00
2016.03.22 23:15:36.397,0.7575,0.75778,1.00,1.00
2016.03.22 23:15:38.152,0.75749,0.75778,1.50,1.00
2016.03.22 23:15:38.966,0.75749,0.75779,1.50,2.62
2016.03.22 23:15:42.264,0.7575,0.75779,1.00,1.87
2016.03.22 23:15:42.967,0.75751,0.75779,1.00,2.40
2016.03.22 23:15:44.795,0.7575,0.75779,1.00,2.40
2016.03.22 23:15:52.766,0.75751,0.75779,1.00,1.87
2016.03.22 23:15:56.575,0.75752,0.75779,1.00,1.87
2016.03.22 23:15:56.625,0.75752,0.75776,1.00,1.00
2016.03.22 23:15:56.726,0.7575,0.75776,1.00,1.50
2016.03.22 23:15:56.978,0.75749,0.75778,1.00,1.27
2016.03.22 23:15:57.396,0.75751,0.75779,1.00,1.87
2016.03.22 23:16:02.259,0.75751,0.75775,1.00,1.00
2016.03.22 23:16:02.410,0.75747,0.75773,1.00,1.00
2016.03.22 23:16:02.461,0.75747,0.7577,1.00,1.00
2016.03.22 23:16:02.512,0.75744,0.7577,1.50,1.00
2016.03.22 23:16:02.613,0.75744,0.75772,1.50,1.12
2016.03.22 23:16:02.665,0.75744,0.7577,1.50,1.00
2016.03.22 23:16:02.817,0.75742,0.7577,2.25,1.00
2016.03.22 23:16:03.695,0.75743,0.7577,1.00,1.00
2016.03.22 23:16:04.236,0.75742,0.7577,1.50,1.50
2016.03.22 23:16:04.750,0.75741,0.7577,1.00,1.87
2016.03.22 23:16:05.269,0.75742,0.7577,1.00,1.87
2016.03.22 23:16:08.935,0.75741,0.7577,1.00,1.87
2016.03.22 23:16:20.573,0.75741,0.7577,1.00,3.00
2016.03.22 23:16:20.725,0.75741,0.75765,1.00,1.00
2016.03.22 23:16:21.474,0.7574,0.75769,1.50,1.12
2016.03.22 23:16:22.565,0.75741,0.7577,1.00,2.25
2016.03.22 23:16:24.774,0.75741,0.75765,1.00,1.00
2016.03.22 23:16:26.091,0.7574,0.75765,1.00,1.00
2016.03.22 23:16:29.877,0.7574,0.75769,1.00,1.87
2016.03.22 23:16:33.244,0.7574,0.75765,1.50,1.00
2016.03.22 23:16:38.177,0.75741,0.75765,1.00,1.00
2016.03.22 23:16:38.974,0.75742,0.75765,1.00,1.00
2016.03.22 23:16:39.327,0.75742,0.7577,1.00,1.50
2016.03.22 23:16:39.729,0.75741,0.7577,1.00,3.00
2016.03.22 23:16:44.796,0.75742,0.7577,1.00,3.00
2016.03.22 23:16:45.367,0.75741,0.7577,1.00,3.00
2016.03.22 23:16:52.976,0.7574,0.7577,1.50,3.00
2016.03.22 23:16:53.820,0.7574,0.75765,1.00,1.00
2016.03.22 23:16:54.034,0.7574,0.7577,1.00,2.25
2016.03.22 23:17:02.195,0.7574,0.75765,1.00,1.00
2016.03.22 23:17:02.296,0.7574,0.75768,1.00,1.00
2016.03.22 23:17:03.388,0.7574,0.75769,1.00,1.65
2016.03.22 23:17:04.088,0.7574,0.75768,1.00,1.00
2016.03.22 23:17:04.627,0.75739,0.75768,1.00,1.00
2016.03.22 23:17:12.999,0.75737,0.75767,2.25,1.00
2016.03.22 23:17:13.050,0.75737,0.75767,1.50,1.75
2016.03.22 23:17:13.943,0.75738,0.75765,1.00,1.12
2016.03.22 23:17:19.302,0.75737,0.75767,1.50,2.25
2016.03.22 23:17:24.446,0.75738,0.75768,1.00,3.00
2016.03.22 23:17:26.709,0.75737,0.75767,1.50,1.75
2016.03.22 23:17:29.636,0.75737,0.75766,1.00,1.00
2016.03.22 23:17:30.275,0.75737,0.75768,1.50,3.00
2016.03.22 23:17:32.915,0.75737,0.75766,1.00,1.00
2016.03.22 23:17:33.516,0.75737,0.75768,1.50,3.00
2016.03.22 23:17:34.085,0.75737,0.75766,1.00,1.00
2016.03.22 23:17:36.218,0.75737,0.75767,1.50,1.12
2016.03.22 23:17:38.703,0.75737,0.75765,1.50,1.00
2016.03.22 23:17:47.670,0.75737,0.75764,1.00,1.00
2016.03.22 23:17:50.231,0.75737,0.75765,1.00,1.00
2016.03.22 23:17:50.389,0.75737,0.75767,1.50,1.00
2016.03.22 23:17:50.541,0.75739,0.75768,1.00,1.00
2016.03.22 23:17:50.872,0.75741,0.7577,1.00,2.25
2016.03.22 23:17:51.659,0.75742,0.7577,1.00,1.50
2016.03.22 23:17:52.646,0.75742,0.75772,1.50,1.50
2016.03.22 23:17:59.013,0.75743,0.75773,1.00,2.25
2016.03.22 23:18:07.124,0.75743,0.75771,1.00,1.75
2016.03.22 23:18:07.925,0.75742,0.75771,1.00,1.75
2016.03.22 23:18:09.535,0.75742,0.75772,1.00,1.12
2016.03.22 23:18:12.955,0.75742,0.7577,1.00,1.00
2016.03.22 23:18:13.482,0.75742,0.7577,1.00,1.37
2016.03.22 23:18:14.245,0.75742,0.7577,1.00,1.00
2016.03.22 23:18:14.510,0.75743,0.75772,1.00,1.12
2016.03.22 23:18:14.833,0.75742,0.75772,1.00,1.75
2016.03.22 23:18:15.741,0.75742,0.75772,1.00,1.12
2016.03.22 23:18:21.662,0.75742,0.75773,1.00,2.25
2016.03.22 23:18:26.572,0.75742,0.75773,1.00,2.25
2016.03.22 23:18:28.379,0.75743,0.75773,1.00,2.25
2016.03.22 23:18:29.132,0.75742,0.75773,1.50,2.25
2016.03.22 23:18:32.499,0.75742,0.7577,1.00,1.00
2016.03.22 23:18:35.832,0.75742,0.75769,1.00,1.00
2016.03.22 23:18:36.504,0.75742,0.75767,1.00,1.00
2016.03.22 23:18:36.706,0.75739,0.75765,1.00,1.50
2016.03.22 23:18:37.528,0.75739,0.75764,1.00,1.00
2016.03.22 23:18:39.307,0.75739,0.75762,1.00,1.00
2016.03.22 23:18:39.358,0.75736,0.75762,1.12,1.00
2016.03.22 23:18:39.408,0.75734,0.7576,2.25,1.00
2016.03.22 23:18:39.509,0.75734,0.7576,1.00,1.50
2016.03.22 23:18:39.610,0.75734,0.75756,1.00,1.00
2016.03.22 23:18:39.661,0.75731,0.75756,1.50,1.00
2016.03.22 23:18:40.014,0.75729,0.75754,1.12,1.00
2016.03.22 23:18:40.115,0.75726,0.75752,1.12,1.00
2016.03.22 23:18:40.640,0.75726,0.7575,1.00,1.00
2016.03.22 23:18:40.691,0.75724,0.7575,1.00,1.00
2016.03.22 23:18:43.258,0.75724,0.75751,1.00,1.12
2016.03.22 23:18:43.514,0.75726,0.75754,1.50,1.75
2016.03.22 23:18:43.615,0.75727,0.75755,1.00,2.25
2016.03.22 23:18:45.214,0.75728,0.75756,1.00,1.75
2016.03.22 23:18:46.021,0.75729,0.75756,1.00,1.75
2016.03.22 23:18:46.806,0.75728,0.75755,1.00,1.50
2016.03.22 23:18:47.522,0.75729,0.75755,1.00,1.50
2016.03.22 23:18:49.012,0.75729,0.75755,1.50,1.00
2016.03.22 23:18:49.899,0.75729,0.75759,1.00,2.25
2016.03.22 23:18:54.402,0.75729,0.75755,1.00,1.00
2016.03.22 23:18:56.271,0.75729,0.75757,1.00,1.12
2016.03.22 23:18:56.416,0.75734,0.75761,1.00,1.00
2016.03.22 23:18:56.719,0.75737,0.7576,1.00,1.00
2016.03.22 23:18:56.971,0.75738,0.75766,1.00,3.00
2016.03.22 23:18:57.127,0.7574,0.75766,1.00,1.50
2016.03.22 23:18:58.227,0.75741,0.75765,1.00,1.12
2016.03.22 23:19:02.149,0.75741,0.75769,1.00,1.50
2016.03.22 23:19:02.351,0.75743,0.75769,1.00,1.00
2016.03.22 23:19:03.704,0.75744,0.75769,1.00,1.00
2016.03.22 23:19:04.249,0.75743,0.75769,1.00,1.00
2016.03.22 23:19:04.764,0.75742,0.75769,1.00,1.00
2016.03.22 23:19:05.276,0.75743,0.75769,1.00,1.00
2016.03.22 23:19:06.388,0.75742,0.75769,1.00,1.50
2016.03.22 23:19:09.572,0.75745,0.75769,1.00,1.00
2016.03.22 23:19:09.834,0.75746,0.75774,1.00,1.00
2016.03.22 23:19:10.385,0.75747,0.75774,1.00,1.00
2016.03.22 23:19:11.341,0.75747,0.7577,1.00,1.00
2016.03.22 23:19:12.030,0.75746,0.7577,1.00,1.00
2016.03.22 23:19:13.121,0.75746,0.75774,1.00,1.00
2016.03.22 23:19:13.779,0.75747,0.75774,1.00,1.00
2016.03.22 23:19:13.831,0.75751,0.75775,1.00,1.00
2016.03.22 23:19:13.932,0.75751,0.75778,1.00,1.00
2016.03.22 23:19:14.265,0.75751,0.75775,1.00,1.00
2016.03.22 23:19:15.273,0.75749,0.75775,1.00,1.00
2016.03.22 23:19:15.928,0.75748,0.75775,1.00,1.00
2016.03.22 23:19:17.528,0.75748,0.75775,1.00,1.87
2016.03.22 23:19:18.448,0.75745,0.75774,1.50,2.25
2016.03.22 23:19:18.558,0.75745,0.7577,1.00,1.00
2016.03.22 23:19:19.200,0.75743,0.7577,1.00,1.00
2016.03.22 23:19:19.733,0.75743,0.7577,1.00,1.50
2016.03.22 23:19:20.344,0.75742,0.7577,1.50,2.25
2016.03.22 23:19:22.055,0.75743,0.7577,1.00,1.50
2016.03.22 23:19:23.469,0.75742,0.7577,1.50,2.25
2016.03.22 23:19:28.532,0.75742,0.75765,1.00,1.00
2016.03.22 23:19:31.622,0.75742,0.7576,1.00,1.00
2016.03.22 23:19:32.481,0.75742,0.75765,1.00,1.00
2016.03.22 23:19:33.921,0.75742,0.7576,1.00,1.00
2016.03.22 23:19:34.498,0.75741,0.7576,1.00,1.00
2016.03.22 23:19:35.716,0.75742,0.75765,1.00,1.00
2016.03.22 23:19:36.230,0.75743,0.7577,1.00,2.25
2016.03.22 23:19:36.490,0.75743,0.75765,1.00,1.00
2016.03.22 23:19:36.592,0.75743,0.7577,1.00,1.75
2016.03.22 23:19:36.771,0.75743,0.75765,1.00,1.00
2016.03.22 23:19:37.013,0.75742,0.7577,1.50,2.25
2016.03.22 23:19:37.362,0.75742,0.75765,1.50,1.00
2016.03.22 23:19:37.463,0.75743,0.7577,1.00,1.75
2016.03.22 23:19:40.479,0.75744,0.7577,1.00,1.75
2016.03.22 23:19:41.280,0.75743,0.7577,1.00,1.75
2016.03.22 23:19:42.781,0.75742,0.7577,1.50,1.75
2016.03.22 23:19:45.878,0.75742,0.7577,1.00,1.00
2016.03.22 23:19:46.110,0.75746,0.7577,1.00,1.00
2016.03.22 23:19:46.496,0.75748,0.75771,1.00,1.00
2016.03.22 23:19:46.597,0.75748,0.75776,1.50,2.25
2016.03.22 23:19:47.583,0.7575,0.75776,1.00,1.00
2016.03.22 23:19:47.887,0.75752,0.75775,1.00,1.00
2016.03.22 23:19:47.937,0.75752,0.75781,1.00,1.50
2016.03.22 23:19:48.039,0.75753,0.75776,1.00,1.00
2016.03.22 23:19:48.588,0.75753,0.7578,1.50,1.00
2016.03.22 23:19:49.389,0.75755,0.7578,1.50,1.00
2016.03.22 23:19:49.692,0.75755,0.75785,1.50,2.62
2016.03.22 23:19:49.871,0.75755,0.7578,1.50,1.00
2016.03.22 23:19:50.895,0.75756,0.7578,1.00,1.00
2016.03.22 23:19:50.996,0.75757,0.75785,1.00,1.12
2016.03.22 23:19:51.097,0.75759,0.75785,1.00,1.12
2016.03.22 23:19:51.747,0.7576,0.75785,1.00,1.00
2016.03.22 23:19:57.806,0.7576,0.7579,1.00,3.00
2016.03.22 23:19:58.011,0.7576,0.75785,1.00,1.00
2016.03.22 23:20:00.664,0.75757,0.7578,1.12,1.00
2016.03.22 23:20:01.230,0.75757,0.75785,1.00,1.50
2016.03.22 23:20:01.771,0.75757,0.75788,1.00,1.75
2016.03.22 23:20:02.223,0.7576,0.75785,1.00,1.00
2016.03.22 23:20:11.079,0.75757,0.75785,1.00,1.00
2016.03.22 23:20:11.130,0.75757,0.7578,1.00,1.00
2016.03.22 23:20:11.231,0.75755,0.7578,1.00,1.00
2016.03.22 23:20:11.797,0.75754,0.7578,1.00,1.00
2016.03.22 23:20:18.233,0.75755,0.7578,1.00,1.00
2016.03.22 23:20:18.755,0.75757,0.75785,1.00,1.50
2016.03.22 23:20:18.957,0.75759,0.75788,1.00,1.00
2016.03.22 23:20:19.058,0.75759,0.75785,1.00,1.00
2016.03.22 23:20:22.822,0.75757,0.75785,2.25,1.00
2016.03.22 23:20:23.210,0.75757,0.75782,2.25,1.00
2016.03.22 23:20:23.512,0.75753,0.75775,1.00,1.00
2016.03.22 23:20:24.407,0.7575,0.75775,1.00,1.00
2016.03.22 23:20:26.465,0.75752,0.75775,1.00,1.00
2016.03.22 23:20:26.516,0.75752,0.7578,1.00,1.12
2016.03.22 23:20:27.027,0.75753,0.7578,1.87,1.00
2016.03.22 23:20:27.654,0.75754,0.7578,1.00,1.00
2016.03.22 23:20:33.165,0.75753,0.7578,1.12,1.00
2016.03.22 23:20:33.666,0.75751,0.75776,1.50,1.00
2016.03.22 23:20:34.217,0.75749,0.75776,1.50,1.50
2016.03.22 23:20:34.721,0.75748,0.75775,1.75,1.00
2016.03.22 23:20:52.140,0.75748,0.75779,3.00,1.50
2016.03.22 23:20:52.392,0.75749,0.75779,1.75,1.00
2016.03.22 23:20:52.594,0.75748,0.75775,1.87,1.00
2016.03.22 23:20:52.695,0.75748,0.75779,1.87,1.50
2016.03.22 23:20:52.796,0.75748,0.75779,3.00,1.50
2016.03.22 23:20:53.892,0.75748,0.75775,3.00,1.00
2016.03.22 23:20:55.525,0.75748,0.75775,2.62,1.00
2016.03.22 23:20:56.347,0.75748,0.75779,2.62,1.50
2016.03.22 23:20:56.398,0.75751,0.75779,1.00,1.50
2016.03.22 23:20:56.751,0.75751,0.75775,1.00,1.00
2016.03.22 23:21:11.231,0.75748,0.75775,2.62,1.00
2016.03.22 23:21:16.113,0.75748,0.7577,1.12,1.00
2016.03.22 23:21:16.623,0.75745,0.7577,1.37,1.00
2016.03.22 23:21:16.673,0.75742,0.7577,1.12,1.50
2016.03.22 23:21:16.976,0.75739,0.75769,1.12,1.00
2016.03.22 23:21:17.027,0.75739,0.75765,1.75,1.00
2016.03.22 23:21:17.128,0.75739,0.75769,1.12,1.00
2016.03.22 23:21:17.431,0.75739,0.75765,1.12,1.00
2016.03.22 23:21:17.644,0.75741,0.7577,2.25,1.50
2016.03.22 23:21:22.161,0.75742,0.75772,1.50,1.50
2016.03.22 23:21:26.472,0.75745,0.75772,1.00,1.00
2016.03.22 23:21:26.976,0.75744,0.75772,1.00,1.00
2016.03.22 23:21:27.392,0.75744,0.75774,1.50,1.12
2016.03.22 23:21:30.239,0.75745,0.75774,1.00,1.12
2016.03.22 23:21:34.378,0.75744,0.75774,1.50,1.87
2016.03.22 23:21:35.646,0.75744,0.7577,1.50,1.00
2016.03.22 23:21:35.848,0.75744,0.75774,1.00,1.87
2016.03.22 23:21:36.356,0.75745,0.75774,1.00,1.87
2016.03.22 23:21:36.911,0.75744,0.75774,1.50,1.87
2016.03.22 23:21:37.994,0.75744,0.75773,1.00,1.00
2016.03.22 23:21:38.532,0.75741,0.75771,2.25,1.00
2016.03.22 23:21:39.238,0.75741,0.7577,2.25,1.00
2016.03.22 23:21:39.506,0.75741,0.75769,1.00,1.00
2016.03.22 23:21:41.131,0.75741,0.75765,1.00,1.00
2016.03.22 23:21:41.232,0.75739,0.75765,1.00,1.00
2016.03.22 23:21:41.470,0.75739,0.75769,1.00,1.00
2016.03.22 23:21:41.521,0.75741,0.75769,1.00,1.50
2016.03.22 23:21:41.874,0.75739,0.75765,1.00,1.00
2016.03.22 23:21:42.323,0.75739,0.75769,1.00,1.50
2016.03.22 23:21:42.764,0.75739,0.75766,1.00,1.00
2016.03.22 23:21:42.865,0.75739,0.75769,1.00,1.50
2016.03.22 23:21:43.301,0.75739,0.75765,1.50,1.00
2016.03.22 23:21:43.740,0.75739,0.75769,1.50,1.50
2016.03.22 23:21:44.400,0.75739,0.75768,1.50,1.00
2016.03.22 23:21:48.508,0.75739,0.75767,1.00,1.00
2016.03.22 23:21:49.078,0.75739,0.75768,1.00,1.00
2016.03.22 23:21:49.906,0.75739,0.75767,1.00,1.00
2016.03.22 23:21:50.792,0.75739,0.75768,1.00,1.00
2016.03.22 23:21:51.319,0.75739,0.75767,1.00,1.00
2016.03.22 23:21:51.370,0.75739,0.75765,1.00,1.00
2016.03.22 23:21:54.080,0.75739,0.75767,1.00,1.00
2016.03.22 23:21:54.513,0.75739,0.75769,1.00,1.50
2016.03.22 23:21:54.614,0.75739,0.75769,1.75,1.00
2016.03.22 23:21:55.130,0.75742,0.7577,1.87,1.00
2016.03.22 23:21:59.830,0.75742,0.75772,1.87,1.50
2016.03.22 23:21:59.931,0.75743,0.75772,1.50,1.00
2016.03.22 23:22:00.283,0.75744,0.75774,1.12,1.50
2016.03.22 23:22:00.334,0.75744,0.75772,1.12,1.00
2016.03.22 23:22:00.687,0.75744,0.7577,1.12,1.00
2016.03.22 23:22:00.939,0.7574,0.7577,3.00,2.25
2016.03.22 23:22:01.887,0.75743,0.7577,1.00,1.50
2016.03.22 23:22:02.245,0.75743,0.75772,1.00,1.87
2016.03.22 23:22:02.539,0.75743,0.75772,2.25,1.00
2016.03.22 23:22:03.637,0.75744,0.75772,1.00,1.50
2016.03.22 23:22:03.741,0.75742,0.75772,1.87,1.50
2016.03.22 23:22:04.350,0.75742,0.75771,1.12,1.00
2016.03.22 23:22:04.852,0.75742,0.75772,1.12,1.00
2016.03.22 23:22:06.972,0.75745,0.75772,1.00,1.00
2016.03.22 23:22:07.022,0.75745,0.75774,1.87,1.00
2016.03.22 23:22:07.546,0.75745,0.75775,2.62,1.00
2016.03.22 23:22:09.000,0.75747,0.75777,2.25,1.00
2016.03.22 23:22:09.504,0.75748,0.75778,1.12,1.50
2016.03.22 23:22:10.031,0.75747,0.75776,1.50,1.00
2016.03.22 23:22:10.692,0.75747,0.75775,1.50,1.00
2016.03.22 23:22:18.444,0.75747,0.75775,1.00,1.50
2016.03.22 23:22:18.946,0.75745,0.75774,1.50,1.00
2016.03.22 23:22:19.490,0.75746,0.75775,1.12,1.50
2016.03.22 23:22:21.319,0.75745,0.75774,1.50,1.00
2016.03.22 23:22:21.924,0.75747,0.75774,1.00,1.00
2016.03.22 23:22:22.432,0.75745,0.75774,2.25,1.00
2016.03.22 23:22:22.860,0.75746,0.75774,1.50,1.00
2016.03.22 23:22:23.251,0.75745,0.75774,1.50,1.00
2016.03.22 23:22:24.000,0.75746,0.75774,1.00,1.00
2016.03.22 23:22:24.510,0.75745,0.75774,1.00,1.00
2016.03.22 23:22:26.122,0.75745,0.75772,1.00,1.00
2016.03.22 23:22:26.860,0.75745,0.75771,1.00,1.50
2016.03.22 23:22:42.079,0.75745,0.75772,1.00,1.00
2016.03.22 23:22:42.482,0.75745,0.7577,1.00,1.00
2016.03.22 23:22:42.734,0.75744,0.75772,1.87,1.00
2016.03.22 23:22:42.996,0.75745,0.75772,1.50,1.00
2016.03.22 23:22:45.683,0.75744,0.75772,1.00,1.50
2016.03.22 23:22:46.238,0.75744,0.7577,1.50,1.00
2016.03.22 23:22:49.434,0.75745,0.7577,1.00,1.00
2016.03.22 23:22:51.845,0.75745,0.75772,1.00,1.00
2016.03.22 23:22:53.437,0.75744,0.75772,1.00,1.50
2016.03.22 23:22:54.642,0.75743,0.75771,1.87,1.00
2016.03.22 23:22:56.969,0.75744,0.75771,1.00,1.00
2016.03.22 23:22:58.999,0.75744,0.75772,1.00,1.50
2016.03.22 23:22:59.520,0.75745,0.75772,1.00,1.00
2016.03.22 23:22:59.980,0.75744,0.7577,1.00,1.00
2016.03.22 23:23:00.549,0.75744,0.75771,1.00,1.00
2016.03.22 23:23:01.069,0.75743,0.7577,1.12,1.00
2016.03.22 23:23:01.519,0.75743,0.75772,1.12,1.00
2016.03.22 23:23:01.621,0.75745,0.75772,1.00,1.00
2016.03.22 23:23:01.819,0.75743,0.75772,1.87,1.00
2016.03.22 23:23:01.870,0.75743,0.7577,1.87,1.00
2016.03.22 23:23:02.519,0.75743,0.75771,1.87,1.00
2016.03.22 23:23:02.822,0.75745,0.75772,1.00,1.50
2016.03.22 23:23:03.138,0.75745,0.7577,1.00,1.00
2016.03.22 23:23:03.668,0.75743,0.7577,1.00,1.00
2016.03.22 23:23:04.848,0.75744,0.7577,1.00,1.00
2016.03.22 23:23:06.929,0.75744,0.75772,1.00,1.50
2016.03.22 23:23:08.852,0.75743,0.75771,1.00,1.00
2016.03.22 23:23:09.596,0.75744,0.75772,1.00,1.50
2016.03.22 23:23:10.479,0.75747,0.75772,1.00,1.00
2016.03.22 23:23:10.580,0.75747,0.75774,1.50,1.00
2016.03.22 23:23:10.883,0.75746,0.75772,1.75,1.00
2016.03.22 23:23:10.933,0.75746,0.75772,1.00,1.00
2016.03.22 23:23:11.451,0.75745,0.75772,1.12,1.00
2016.03.22 23:23:12.001,0.75745,0.75773,1.12,1.00
2016.03.22 23:23:14.049,0.75745,0.75772,1.87,1.00
2016.03.22 23:23:14.604,0.75745,0.75773,1.87,1.00
2016.03.22 23:23:17.130,0.75745,0.75774,1.87,1.00
2016.03.22 23:23:21.239,0.75745,0.7577,1.12,1.00
2016.03.22 23:23:25.058,0.75743,0.7577,1.00,1.00
2016.03.22 23:23:26.217,0.75743,0.7577,1.37,1.00
2016.03.22 23:23:26.768,0.75743,0.7577,3.00,1.00
2016.03.22 23:23:27.073,0.75743,0.75772,3.00,1.00
2016.03.22 23:23:27.367,0.75743,0.75772,2.25,1.00
2016.03.22 23:23:27.468,0.75743,0.75772,3.00,1.00
2016.03.22 23:23:28.140,0.75746,0.75772,1.00,1.00
2016.03.22 23:23:28.671,0.75745,0.75772,1.12,1.00
2016.03.22 23:23:28.973,0.75745,0.7577,1.12,1.00
2016.03.22 23:23:29.228,0.75745,0.75772,1.12,1.00
2016.03.22 23:23:30.000,0.75745,0.7577,1.12,1.00
2016.03.22 23:23:30.253,0.75745,0.75772,1.87,1.00
2016.03.22 23:23:30.468,0.75745,0.7577,1.87,1.00
2016.03.22 23:23:31.580,0.75743,0.75772,2.25,1.00
2016.03.22 23:23:32.026,0.75745,0.7577,1.12,1.00
2016.03.22 23:23:32.127,0.75743,0.75772,3.00,1.00
2016.03.22 23:23:32.537,0.75743,0.7577,2.25,1.00
2016.03.22 23:23:32.638,0.75743,0.7577,1.50,1.00
2016.03.22 23:23:32.689,0.75743,0.75772,1.50,1.00
2016.03.22 23:23:33.184,0.75743,0.75771,3.00,1.00
2016.03.22 23:23:33.235,0.75743,0.75771,2.25,1.00
2016.03.22 23:23:37.041,0.75743,0.75772,2.25,1.00
2016.03.22 23:23:37.605,0.75744,0.75772,1.00,1.00
2016.03.22 23:23:37.930,0.75744,0.7577,1.00,1.00
2016.03.22 23:23:38.448,0.75743,0.7577,1.00,1.50
2016.03.22 23:23:38.987,0.75742,0.75769,1.00,1.00
2016.03.22 23:23:41.349,0.75741,0.75769,1.00,1.00
2016.03.22 23:23:45.140,0.75741,0.75765,1.00,1.00
2016.03.22 23:23:46.019,0.75741,0.75769,1.00,1.50
2016.03.22 23:23:46.663,0.75741,0.75766,1.00,1.00
2016.03.22 23:23:46.966,0.75742,0.7577,1.00,1.50
2016.03.22 23:23:47.758,0.75742,0.75769,1.00,2.02
2016.03.22 23:23:49.118,0.75741,0.75769,1.00,2.02
2016.03.22 23:23:50.858,0.75741,0.75766,1.00,1.00
2016.03.22 23:23:51.169,0.75739,0.75765,1.00,1.00
2016.03.22 23:23:51.706,0.75738,0.75764,1.00,1.00
2016.03.22 23:23:53.688,0.75737,0.75764,1.12,1.00
2016.03.22 23:24:00.153,0.75738,0.75764,1.00,1.00
2016.03.22 23:24:02.318,0.75737,0.75764,1.12,1.00
2016.03.22 23:24:02.869,0.75738,0.75764,1.00,1.00
2016.03.22 23:24:09.264,0.75737,0.75764,1.12,1.00
2016.03.22 23:24:13.133,0.75738,0.75764,1.00,1.50
2016.03.22 23:24:34.921,0.75739,0.75764,1.00,1.00
2016.03.22 23:24:35.189,0.75739,0.7576,1.00,1.00
2016.03.22 23:24:35.422,0.75739,0.75764,1.00,1.00
2016.03.22 23:24:38.099,0.75738,0.75764,1.00,1.00
2016.03.22 23:24:38.631,0.7574,0.75764,1.00,1.00
2016.03.22 23:24:42.078,0.75739,0.75764,1.50,1.00
2016.03.22 23:24:42.595,0.75739,0.75765,1.50,1.00
2016.03.22 23:24:43.246,0.75739,0.75763,1.00,1.00
2016.03.22 23:24:43.374,0.75734,0.7576,1.00,1.00
2016.03.22 23:24:43.425,0.75729,0.75758,2.25,1.00
2016.03.22 23:24:43.476,0.75729,0.75758,1.87,1.00
2016.03.22 23:24:43.992,0.75729,0.75757,1.12,1.00
2016.03.22 23:24:44.199,0.75727,0.75757,1.00,1.12
2016.03.22 23:24:44.350,0.75727,0.75755,1.00,1.00
2016.03.22 23:24:44.604,0.75724,0.75753,1.00,1.50
2016.03.22 23:24:44.705,0.75722,0.75751,1.50,1.00
2016.03.22 23:24:45.071,0.75721,0.75748,1.00,1.00
2016.03.22 23:24:45.474,0.75719,0.75747,1.00,1.00
2016.03.22 23:24:45.978,0.75717,0.75745,1.50,1.00
2016.03.22 23:24:48.813,0.75717,0.75745,2.25,1.00
2016.03.22 23:24:49.015,0.75717,0.75745,1.50,1.00
2016.03.22 23:24:49.615,0.75717,0.75746,1.50,1.00
2016.03.22 23:24:50.530,0.75717,0.75747,1.50,1.50
2016.03.22 23:24:51.258,0.75717,0.75745,1.50,1.00
2016.03.22 23:24:52.475,0.75718,0.75747,1.12,1.00
2016.03.22 23:24:52.676,0.75718,0.75749,2.62,1.12
2016.03.22 23:24:55.270,0.75718,0.75748,1.87,1.00
2016.03.22 23:24:55.483,0.75718,0.75746,1.87,1.00
2016.03.22 23:24:56.444,0.75722,0.7575,1.00,1.50
2016.03.22 23:24:56.572,0.7572,0.75749,1.00,1.87
2016.03.22 23:24:57.165,0.75719,0.75748,1.50,1.00
2016.03.22 23:24:59.940,0.75719,0.75747,2.25,1.00
2016.03.22 23:25:10.952,0.75719,0.75746,1.00,1.00
2016.03.22 23:25:11.885,0.75719,0.75745,1.00,1.00
2016.03.22 23:25:14.069,0.75717,0.75745,1.87,1.00
2016.03.22 23:25:14.857,0.75717,0.75744,1.87,1.00
2016.03.22 23:25:16.459,0.75717,0.75745,1.87,1.00
2016.03.22 23:25:17.277,0.75717,0.75744,1.12,1.00
2016.03.22 23:25:18.428,0.75717,0.75745,1.12,1.00
2016.03.22 23:25:22.083,0.75717,0.75744,1.12,1.00
2016.03.22 23:25:23.465,0.75717,0.75745,1.12,1.50
2016.03.22 23:25:24.110,0.75716,0.75744,2.25,1.00
2016.03.22 23:25:28.953,0.75716,0.75744,1.12,1.00
2016.03.22 23:25:29.210,0.75715,0.75742,1.37,1.00
2016.03.22 23:25:29.260,0.75713,0.75742,1.12,1.00
2016.03.22 23:25:29.412,0.75713,0.75738,1.00,1.00
2016.03.22 23:25:29.463,0.75711,0.75738,1.00,1.00
2016.03.22 23:25:30.027,0.7571,0.75738,1.12,1.00
2016.03.22 23:25:30.279,0.75708,0.75736,1.75,1.00
2016.03.22 23:25:30.330,0.75708,0.75736,1.00,1.00
2016.03.22 23:25:30.702,0.75706,0.75734,2.25,1.00
2016.03.22 23:25:31.223,0.75707,0.75735,1.12,2.25
2016.03.22 23:25:31.974,0.75706,0.75734,2.25,1.00
2016.03.22 23:25:42.786,0.75707,0.75735,1.12,1.50
2016.03.22 23:25:46.617,0.75706,0.75734,1.50,1.00
2016.03.22 23:25:49.701,0.75706,0.75735,1.50,2.25
2016.03.22 23:25:55.285,0.75706,0.75735,1.00,2.62
2016.03.22 23:25:56.726,0.75705,0.75735,2.25,2.62
2016.03.22 23:25:59.052,0.75705,0.75733,1.50,1.00
2016.03.22 23:25:59.316,0.75702,0.75731,1.50,1.87
2016.03.22 23:25:59.417,0.75701,0.75728,1.00,1.00
2016.03.22 23:25:59.821,0.757,0.75725,1.12,1.00
2016.03.22 23:26:00.023,0.75699,0.75728,1.50,1.50
2016.03.22 23:26:00.914,0.75701,0.75728,1.00,1.00
2016.03.22 23:26:05.751,0.75702,0.75728,1.00,1.00
2016.03.22 23:26:07.032,0.757,0.75728,2.62,1.00
2016.03.22 23:26:08.166,0.75701,0.75728,1.00,1.00
2016.03.22 23:26:10.486,0.75702,0.75728,1.00,1.00
2016.03.22 23:26:10.588,0.75702,0.75731,1.75,1.00
2016.03.22 23:26:10.639,0.75704,0.75733,1.75,1.27
2016.03.22 23:26:10.796,0.75705,0.75736,3.00,1.50
2016.03.22 23:26:10.947,0.75709,0.75736,1.00,1.00
2016.03.22 23:26:11.048,0.75707,0.75736,1.00,1.00
2016.03.22 23:26:11.099,0.75707,0.75736,1.50,1.00
2016.03.22 23:26:12.418,0.75705,0.75736,1.50,2.25
2016.03.22 23:26:12.948,0.75705,0.75735,1.50,1.00
2016.03.22 23:26:13.150,0.75707,0.75735,1.00,1.00
2016.03.22 23:26:13.657,0.75706,0.75735,1.00,1.00
2016.03.22 23:26:16.126,0.75707,0.75735,1.00,1.00
2016.03.22 23:26:18.376,0.75707,0.75736,1.00,2.25
2016.03.22 23:26:18.679,0.75707,0.75736,1.75,1.00
2016.03.22 23:26:20.228,0.75709,0.75735,1.00,1.00
2016.03.22 23:26:23.853,0.75709,0.75736,1.00,1.00
2016.03.22 23:26:24.653,0.7571,0.75736,1.00,1.00
2016.03.22 23:26:25.016,0.7571,0.75733,1.00,1.00
2016.03.22 23:26:25.319,0.75708,0.75726,1.00,1.00
2016.03.22 23:26:25.369,0.75705,0.75726,1.50,1.00
2016.03.22 23:26:25.835,0.75703,0.75726,1.12,1.00
2016.03.22 23:26:25.937,0.75701,0.75724,1.00,1.00
2016.03.22 23:26:26.542,0.75701,0.75721,1.00,1.00
2016.03.22 23:26:30.224,0.75703,0.75725,1.00,1.00
2016.03.22 23:26:30.375,0.75705,0.75726,1.00,1.00
2016.03.22 23:26:30.426,0.75705,0.75729,1.00,1.00
2016.03.22 23:26:30.477,0.75707,0.75729,1.00,1.00
2016.03.22 23:26:30.833,0.75713,0.75734,1.00,1.00
2016.03.22 23:26:31.136,0.75714,0.75734,2.25,1.00
2016.03.22 23:26:31.478,0.75717,0.75734,1.00,1.00
2016.03.22 23:26:31.528,0.75715,0.75734,1.00,1.00
2016.03.22 23:26:31.730,0.75713,0.75734,1.00,1.00
2016.03.22 23:26:35.137,0.75714,0.75734,1.00,1.00
2016.03.22 23:26:35.703,0.75714,0.75736,1.12,1.00
2016.03.22 23:26:36.448,0.75715,0.75736,1.00,1.00
2016.03.22 23:26:40.617,0.75713,0.75736,1.50,1.00
2016.03.22 23:26:41.173,0.7571,0.75736,1.50,1.00
2016.03.22 23:26:41.516,0.7571,0.75734,1.50,1.00
2016.03.22 23:26:49.679,0.75709,0.75734,1.00,1.00
2016.03.22 23:26:50.083,0.75708,0.75731,1.87,1.00
2016.03.22 23:26:53.571,0.7571,0.75731,1.00,1.00
2016.03.22 23:26:54.050,0.75708,0.75731,1.87,1.00
2016.03.22 23:26:54.958,0.75705,0.75727,1.00,1.00
2016.03.22 23:26:55.260,0.75702,0.75722,1.00,1.00
2016.03.22 23:26:55.781,0.75701,0.75722,1.00,1.00
2016.03.22 23:26:55.933,0.75699,0.75722,1.00,1.00
2016.03.22 23:26:56.016,0.75701,0.75722,1.00,1.00
2016.03.22 23:26:59.546,0.75704,0.75722,1.00,1.00
2016.03.22 23:27:00.360,0.75705,0.75722,1.00,1.00
2016.03.22 23:27:00.411,0.75705,0.75727,1.50,1.00
2016.03.22 23:27:00.462,0.75707,0.75727,1.00,1.00
2016.03.22 23:27:01.300,0.75708,0.75727,1.00,1.00
2016.03.22 23:27:02.512,0.75708,0.75729,1.00,1.00
2016.03.22 23:27:02.613,0.75708,0.75733,1.00,1.00
2016.03.22 23:27:02.663,0.75716,0.75733,1.00,1.00
2016.03.22 23:27:02.815,0.75716,0.75735,1.00,1.00
2016.03.22 23:27:05.257,0.75715,0.75735,1.00,1.00
2016.03.22 23:27:07.044,0.75714,0.75735,1.00,1.00
2016.03.22 23:27:10.217,0.75712,0.75735,1.00,1.00
2016.03.22 23:27:21.315,0.7571,0.75735,1.00,1.50
2016.03.22 23:27:21.366,0.7571,0.75728,1.00,1.00
2016.03.22 23:27:21.467,0.75707,0.75728,1.00,1.00
2016.03.22 23:27:21.618,0.75706,0.75726,1.00,1.00
2016.03.22 23:27:21.820,0.75703,0.75726,1.50,1.00
2016.03.22 23:27:26.516,0.75703,0.75724,1.00,1.00
2016.03.22 23:27:26.852,0.75706,0.75726,1.00,1.00
2016.03.22 23:27:27.154,0.75708,0.75726,1.00,1.00
2016.03.22 23:27:27.815,0.75707,0.75726,1.00,1.00
2016.03.22 23:27:28.856,0.75707,0.75729,1.00,1.00
2016.03.22 23:27:28.907,0.75709,0.75729,1.00,1.00
2016.03.22 23:27:28.957,0.75709,0.75731,1.00,1.00
2016.03.22 23:27:29.159,0.75715,0.75735,1.00,1.00
2016.03.22 23:27:29.361,0.75712,0.75735,1.00,1.00
2016.03.22 23:27:29.462,0.75712,0.75732,1.00,1.00
2016.03.22 23:27:29.564,0.75709,0.75732,1.00,1.00
2016.03.22 23:27:29.715,0.75708,0.75729,1.00,1.00
2016.03.22 23:27:29.917,0.75706,0.75729,1.12,1.00
2016.03.22 23:27:30.424,0.75707,0.75729,1.00,1.00
2016.03.22 23:27:32.023,0.75705,0.75729,1.37,1.00
2016.03.22 23:27:32.627,0.75705,0.75729,1.00,1.00
2016.03.22 23:27:33.882,0.75705,0.75726,1.00,1.00
2016.03.22 23:27:35.944,0.75704,0.75726,1.00,1.00
2016.03.22 23:27:42.434,0.75705,0.75726,1.00,1.00
2016.03.22 23:27:43.204,0.75704,0.75726,1.00,1.00
2016.03.22 23:27:48.015,0.75705,0.75726,1.00,1.00
2016.03.22 23:27:58.280,0.75702,0.75724,1.12,1.00
2016.03.22 23:27:58.632,0.75702,0.75727,1.12,1.00
2016.03.22 23:27:58.733,0.75704,0.75727,1.12,1.00
2016.03.22 23:27:58.784,0.75704,0.75729,1.50,1.00
2016.03.22 23:27:59.709,0.75705,0.75729,1.00,1.00
2016.03.22 23:28:01.057,0.75705,0.75727,1.00,1.00
2016.03.22 23:28:01.259,0.75703,0.75727,1.12,1.00
2016.03.22 23:28:01.360,0.75701,0.75724,1.75,1.00
2016.03.22 23:28:01.461,0.75701,0.75724,1.00,1.00
2016.03.22 23:28:01.607,0.75697,0.75724,2.25,1.00
2016.03.22 23:28:01.708,0.75697,0.75724,1.87,1.12
2016.03.22 23:28:01.910,0.75697,0.75722,1.12,1.00
2016.03.22 23:28:02.771,0.75695,0.75722,1.50,1.50
2016.03.22 23:28:04.805,0.75696,0.75722,1.00,1.50
2016.03.22 23:28:04.856,0.75696,0.75723,1.50,1.00
2016.03.22 23:28:04.907,0.75699,0.75723,1.00,1.00
2016.03.22 23:28:05.053,0.75699,0.75726,1.37,1.37
2016.03.22 23:28:05.557,0.75701,0.75726,1.00,1.00
2016.03.22 23:28:05.608,0.75701,0.7573,1.00,2.25
2016.03.22 23:28:05.759,0.75703,0.7573,1.00,2.25
2016.03.22 23:28:05.961,0.75703,0.7573,2.25,1.00
2016.03.22 23:28:06.481,0.75705,0.7573,1.00,1.00
2016.03.22 23:28:08.064,0.75704,0.7573,1.12,1.00
2016.03.22 23:28:08.579,0.75704,0.7573,1.00,1.50
2016.03.22 23:28:11.826,0.75704,0.75728,1.00,1.00
2016.03.22 23:28:11.991,0.75704,0.75727,1.00,1.75
2016.03.22 23:28:12.042,0.757,0.75725,1.00,1.12
2016.03.22 23:28:12.143,0.75698,0.75725,1.00,2.62
2016.03.22 23:28:12.194,0.75698,0.75725,1.00,3.00
2016.03.22 23:28:14.357,0.75698,0.75725,1.87,1.37
2016.03.22 23:28:14.408,0.75698,0.75727,1.87,1.50
2016.03.22 23:28:14.458,0.75702,0.75727,1.00,1.50
2016.03.22 23:28:24.608,0.75701,0.75728,1.00,1.75
2016.03.22 23:28:24.709,0.75699,0.75725,1.00,1.00
2016.03.22 23:28:25.267,0.75698,0.75724,1.00,1.12
2016.03.22 23:28:35.673,0.75697,0.75724,1.00,1.50
2016.03.22 23:28:38.093,0.75698,0.75724,1.00,1.50
2016.03.22 23:28:40.843,0.75696,0.75724,1.50,1.50
2016.03.22 23:28:43.095,0.75696,0.75724,1.87,1.50
2016.03.22 23:28:49.103,0.75697,0.75723,1.00,1.12
2016.03.22 23:28:51.182,0.75696,0.75723,1.12,1.12
2016.03.22 23:28:53.731,0.75696,0.75721,1.12,1.00
2016.03.22 23:28:54.234,0.75696,0.75722,1.12,1.50
2016.03.22 23:29:09.882,0.75695,0.75722,1.12,1.00
2016.03.22 23:29:15.097,0.75698,0.75723,1.00,1.12
2016.03.22 23:29:17.180,0.75697,0.75723,1.00,1.12
2016.03.22 23:29:18.448,0.75697,0.75723,1.37,1.00
2016.03.22 23:29:19.173,0.75697,0.75724,1.50,1.50
2016.03.22 23:29:23.146,0.75697,0.75724,1.12,1.87
2016.03.22 23:29:23.762,0.75697,0.75721,1.00,1.00
2016.03.22 23:29:25.638,0.75695,0.75721,1.00,1.00
2016.03.22 23:29:26.621,0.75695,0.7572,1.00,1.00
2016.03.22 23:29:27.580,0.75695,0.75718,1.00,1.00
2016.03.22 23:29:27.731,0.75692,0.75718,1.00,1.00
2016.03.22 23:29:28.276,0.75692,0.75717,1.00,1.00
2016.03.22 23:29:31.135,0.7569,0.75717,1.50,1.00
2016.03.22 23:29:31.756,0.7569,0.75717,1.00,1.50
2016.03.22 23:29:33.129,0.75691,0.75716,1.00,1.12
2016.03.22 23:29:33.403,0.75691,0.75714,1.00,1.50
2016.03.22 23:29:33.555,0.75688,0.75714,1.00,1.50
2016.03.22 23:29:34.207,0.75687,0.75713,1.00,1.12
2016.03.22 23:29:34.713,0.75687,0.75712,1.00,1.00
2016.03.22 23:29:35.710,0.75687,0.75714,1.00,1.50
2016.03.22 23:29:35.904,0.75689,0.75714,1.00,1.50
2016.03.22 23:29:36.069,0.75687,0.75712,1.00,1.00
2016.03.22 23:29:36.712,0.75688,0.75712,1.00,1.00
2016.03.22 23:29:40.622,0.75686,0.75712,1.12,1.50
2016.03.22 23:29:41.678,0.75686,0.75712,1.00,1.87
2016.03.22 23:29:47.832,0.75687,0.75711,1.00,1.50
2016.03.22 23:29:48.365,0.75686,0.75709,1.00,1.00
2016.03.22 23:29:48.617,0.75683,0.75708,1.12,1.00
2016.03.22 23:29:51.195,0.75683,0.75709,1.12,1.50
2016.03.22 23:29:52.458,0.75683,0.75709,1.00,1.50
2016.03.22 23:29:54.119,0.75684,0.75709,1.00,1.75
2016.03.22 23:29:54.221,0.75682,0.75709,1.00,1.75
2016.03.22 23:29:56.742,0.75681,0.7571,1.00,3.52
2016.03.22 23:29:57.079,0.75683,0.7571,1.00,2.25
2016.03.22 23:29:57.130,0.75683,0.7571,1.12,1.87
2016.03.22 23:29:57.332,0.75686,0.7571,1.00,1.12
2016.03.22 23:29:57.643,0.75683,0.7571,1.12,1.12
2016.03.22 23:30:05.648,0.75686,0.75714,1.00,1.00
2016.03.22 23:30:05.799,0.75688,0.75714,1.00,1.00
2016.03.22 23:30:09.539,0.75688,0.75714,1.50,1.00
2016.03.22 23:30:09.590,0.75688,0.75716,1.50,1.00
2016.03.22 23:30:10.755,0.75689,0.75718,1.12,1.50
2016.03.22 23:30:16.338,0.7569,0.75719,1.00,2.25
2016.03.22 23:30:16.693,0.75692,0.75719,1.00,1.75
2016.03.22 23:30:19.219,0.7569,0.75719,1.00,1.75
2016.03.22 23:30:23.873,0.7569,0.75717,1.00,1.75
2016.03.22 23:30:24.176,0.75685,0.75704,1.00,1.00
2016.03.22 23:30:24.478,0.75681,0.75701,1.00,1.00
2016.03.22 23:30:24.995,0.7568,0.75701,1.00,1.00
2016.03.22 23:30:26.672,0.75679,0.75701,1.12,1.00
2016.03.22 23:30:30.512,0.7568,0.75701,1.00,1.00
2016.03.22 23:30:31.392,0.75679,0.75701,1.12,1.00
2016.03.22 23:30:34.273,0.75678,0.75701,1.00,1.00
2016.03.22 23:30:49.353,0.75679,0.75701,1.00,1.00
2016.03.22 23:30:49.555,0.75681,0.75701,1.00,1.00
2016.03.22 23:30:50.762,0.75683,0.75701,1.00,1.00
2016.03.22 23:30:55.637,0.75683,0.75703,1.00,1.00
2016.03.22 23:30:56.079,0.75683,0.75706,1.00,1.00
2016.03.22 23:30:56.180,0.75686,0.75708,1.00,1.00
2016.03.22 23:31:14.424,0.75685,0.75708,1.12,1.00
2016.03.22 23:31:14.727,0.7568,0.75699,1.00,1.00
2016.03.22 23:31:14.828,0.75676,0.75699,1.00,1.00
2016.03.22 23:31:15.361,0.75675,0.75699,1.00,1.00
2016.03.22 23:31:16.533,0.75673,0.75699,1.50,1.00
2016.03.22 23:31:16.891,0.75674,0.75697,1.12,1.00
2016.03.22 23:31:16.942,0.75672,0.75697,1.00,1.00
2016.03.22 23:31:16.993,0.75672,0.75694,1.00,1.00
2016.03.22 23:31:17.396,0.75674,0.75694,1.00,1.00
2016.03.22 23:31:20.260,0.75675,0.75697,1.00,1.00
2016.03.22 23:31:39.531,0.75675,0.75695,1.00,1.00
2016.03.22 23:31:39.632,0.75672,0.75695,1.12,1.00
2016.03.22 23:31:40.061,0.75671,0.75692,1.50,1.00
2016.03.22 23:31:40.579,0.75671,0.75692,1.00,1.00
2016.03.22 23:31:41.102,0.75672,0.75692,1.00,1.00
2016.03.22 23:31:44.322,0.75673,0.75692,1.00,1.00
2016.03.22 23:31:44.819,0.75673,0.75695,1.00,1.00
2016.03.22 23:31:45.771,0.75674,0.75695,1.00,1.00
2016.03.22 23:31:50.405,0.75673,0.75697,1.50,1.00
2016.03.22 23:31:52.971,0.75673,0.75695,1.00,1.00
2016.03.22 23:31:56.101,0.75674,0.75695,1.00,1.00
2016.03.22 23:31:56.353,0.7567,0.75695,1.50,1.00
2016.03.22 23:32:02.321,0.7567,0.75691,1.00,1.00
2016.03.22 23:32:02.371,0.75668,0.75691,1.00,1.00
2016.03.22 23:32:02.610,0.75665,0.75689,1.00,1.00
2016.03.22 23:32:03.361,0.75664,0.75689,1.00,1.00
2016.03.22 23:32:03.613,0.75666,0.75689,1.00,1.00
2016.03.22 23:32:03.765,0.75667,0.75692,1.00,1.00
2016.03.22 23:32:03.933,0.75668,0.75692,1.50,1.00
2016.03.22 23:32:07.593,0.7567,0.75692,1.00,1.00
2016.03.22 23:32:08.168,0.75669,0.75692,1.87,1.00
2016.03.22 23:32:10.322,0.75666,0.75692,1.00,1.00
2016.03.22 23:32:10.423,0.75666,0.75688,1.00,1.00
2016.03.22 23:32:10.971,0.75665,0.75688,1.87,1.00
2016.03.22 23:32:13.274,0.75666,0.75688,1.00,1.00
2016.03.22 23:32:13.819,0.75665,0.75688,1.12,1.00
2016.03.22 23:32:17.684,0.75666,0.75688,1.00,1.00
2016.03.22 23:32:17.734,0.75666,0.75691,1.00,1.00
2016.03.22 23:32:17.785,0.75668,0.75691,1.00,1.00
2016.03.22 23:32:18.559,0.75669,0.75691,1.00,1.00
2016.03.22 23:32:21.119,0.75667,0.75691,1.37,1.00
2016.03.22 23:32:21.646,0.75666,0.75691,1.12,1.00
2016.03.22 23:32:22.582,0.75667,0.75691,1.00,1.00
2016.03.22 23:32:22.683,0.75665,0.75687,2.25,1.00
2016.03.22 23:32:22.813,0.75665,0.75689,3.00,1.00
2016.03.22 23:32:24.601,0.75665,0.75688,2.25,1.00
2016.03.22 23:32:24.703,0.75663,0.75688,1.12,1.00
2016.03.22 23:32:27.000,0.75664,0.75688,1.00,1.00
2016.03.22 23:32:27.146,0.75664,0.75688,1.75,1.00
2016.03.22 23:32:30.093,0.75665,0.7569,1.50,1.00
2016.03.22 23:32:31.846,0.75667,0.7569,1.00,1.00
2016.03.22 23:32:32.363,0.75666,0.7569,1.12,1.00
2016.03.22 23:32:32.974,0.75666,0.75687,1.12,1.00
2016.03.22 23:32:33.752,0.75664,0.75687,1.00,1.00
2016.03.22 23:32:34.254,0.75663,0.75687,1.87,1.00
2016.03.22 23:32:38.991,0.75664,0.75687,1.00,1.00
2016.03.22 23:32:39.041,0.75666,0.75687,1.00,1.00
2016.03.22 23:32:39.418,0.75667,0.75689,1.00,1.00
2016.03.22 23:32:40.073,0.75666,0.75689,1.00,1.00
2016.03.22 23:32:40.773,0.75667,0.75689,1.50,1.00
2016.03.22 23:32:40.824,0.75667,0.75691,1.50,1.00
2016.03.22 23:32:41.273,0.75667,0.75688,1.00,1.00
2016.03.22 23:32:41.424,0.75664,0.75688,2.25,1.00
2016.03.22 23:32:43.676,0.75666,0.75688,1.00,1.00
2016.03.22 23:32:45.435,0.75665,0.75688,1.87,1.00
2016.03.22 23:32:46.832,0.75666,0.75688,1.00,1.00
2016.03.22 23:32:46.883,0.75666,0.75691,1.50,1.00
2016.03.22 23:32:49.989,0.75667,0.75691,1.00,1.00
2016.03.22 23:32:51.191,0.75663,0.75691,1.75,1.00
2016.03.22 23:32:52.723,0.75665,0.75688,1.12,1.00
2016.03.22 23:32:53.214,0.75663,0.75688,1.00,1.00
2016.03.22 23:32:53.265,0.75663,0.75685,1.00,1.00
2016.03.22 23:32:53.316,0.75661,0.75685,1.50,1.00
2016.03.22 23:32:53.704,0.75659,0.75682,1.00,1.00
2016.03.22 23:32:54.040,0.75661,0.75682,1.00,1.00
2016.03.22 23:32:54.393,0.75657,0.75685,2.25,1.00
2016.03.22 23:32:54.494,0.75658,0.75685,1.75,1.00
2016.03.22 23:33:05.612,0.75659,0.75682,1.75,1.00
2016.03.22 23:33:05.713,0.75659,0.75682,1.00,1.00
2016.03.22 23:33:05.764,0.75657,0.75682,1.12,1.00
2016.03.22 23:33:05.815,0.75657,0.75682,1.75,1.00
2016.03.22 23:33:05.916,0.75657,0.75682,1.12,1.00
2016.03.22 23:33:13.022,0.75655,0.7568,2.25,1.00
2016.03.22 23:33:17.846,0.75653,0.7568,1.75,1.50
2016.03.22 23:33:18.165,0.75653,0.75677,1.50,1.00
2016.03.22 23:33:22.361,0.75651,0.75677,1.50,1.00
2016.03.22 23:33:22.462,0.75651,0.75675,1.00,1.12
2016.03.22 23:33:22.969,0.75648,0.75675,1.87,1.87
2016.03.22 23:33:23.119,0.75651,0.75675,1.00,1.87
2016.03.22 23:33:24.617,0.75651,0.75673,1.00,1.00
2016.03.22 23:33:24.718,0.75649,0.75673,1.12,1.00
2016.03.22 23:33:24.769,0.75648,0.75673,1.00,1.37
2016.03.22 23:33:24.970,0.75643,0.75667,1.00,1.00
2016.03.22 23:33:25.222,0.75643,0.75669,1.00,1.00
2016.03.22 23:33:25.731,0.75644,0.75669,1.00,1.00
2016.03.22 23:33:26.921,0.75645,0.75669,1.00,1.00
2016.03.22 23:33:28.184,0.75646,0.75669,1.00,1.00
2016.03.22 23:33:29.051,0.75646,0.75671,1.00,1.00
2016.03.22 23:33:29.202,0.75644,0.7567,1.00,1.00
2016.03.22 23:33:29.303,0.75642,0.7567,1.50,1.50
2016.03.22 23:33:29.665,0.75642,0.7567,1.00,1.87
2016.03.22 23:33:38.164,0.75642,0.75669,1.12,1.50
2016.03.22 23:33:38.537,0.75644,0.75671,1.00,1.75
2016.03.22 23:33:56.983,0.75643,0.7567,1.50,1.50
2016.03.22 23:34:00.303,0.75644,0.75671,1.37,1.37
2016.03.22 23:34:00.404,0.75645,0.75672,1.12,1.12
2016.03.22 23:34:03.620,0.75644,0.75671,1.50,1.00
2016.03.22 23:34:21.828,0.75644,0.75671,1.12,1.00
2016.03.22 23:34:24.830,0.75643,0.75671,1.00,1.00
2016.03.22 23:34:32.414,0.75642,0.75669,1.50,1.00
2016.03.22 23:34:32.728,0.75642,0.75666,1.00,1.12
2016.03.22 23:34:32.779,0.75639,0.75666,1.12,1.12
2016.03.22 23:34:57.255,0.7564,0.75667,1.00,1.50
2016.03.22 23:34:57.857,0.75639,0.75667,1.87,1.50
2016.03.22 23:35:05.207,0.75639,0.75666,1.00,1.37
2016.03.22 23:35:07.339,0.75638,0.75667,2.25,1.75
2016.03.22 23:35:20.359,0.75639,0.75668,1.00,2.25
2016.03.22 23:35:24.772,0.75638,0.75667,1.50,1.75
2016.03.22 23:35:28.758,0.75639,0.75667,1.00,1.75
2016.03.22 23:35:29.530,0.75638,0.75666,1.00,1.75
2016.03.22 23:35:29.732,0.7564,0.75668,1.00,2.25
2016.03.22 23:35:29.868,0.75642,0.7567,1.50,1.65
2016.03.22 23:35:30.121,0.75646,0.75673,1.00,1.50
2016.03.22 23:35:30.222,0.75647,0.75675,1.00,1.50
2016.03.22 23:35:30.625,0.75649,0.75675,1.00,1.50
2016.03.22 23:35:31.385,0.75649,0.75675,1.00,1.37
2016.03.22 23:35:32.678,0.75646,0.75675,1.50,2.25
2016.03.22 23:35:37.407,0.75647,0.75675,1.00,2.25
2016.03.22 23:35:41.719,0.75646,0.75675,1.00,2.25
2016.03.22 23:35:43.347,0.75648,0.75674,1.00,1.75
2016.03.22 23:35:44.667,0.75647,0.75674,1.00,1.75
2016.03.22 23:35:46.784,0.75646,0.75674,1.00,1.75
2016.03.22 23:35:51.083,0.75647,0.75674,1.00,1.75
2016.03.22 23:35:52.040,0.75649,0.75675,1.00,1.75
2016.03.22 23:35:52.141,0.75649,0.75677,1.12,1.50
2016.03.22 23:35:52.413,0.75651,0.75679,1.37,1.50
2016.03.22 23:35:52.463,0.75651,0.75679,1.50,1.12
2016.03.22 23:35:52.716,0.75651,0.75678,1.12,1.87
2016.03.22 23:35:54.991,0.75651,0.75678,1.00,2.25
2016.03.22 23:35:55.538,0.75649,0.75678,2.25,2.25
2016.03.22 23:35:57.815,0.75651,0.75678,1.00,1.50
2016.03.22 23:36:06.558,0.75652,0.7568,1.50,1.12
2016.03.22 23:36:10.001,0.75651,0.75679,2.25,1.00
2016.03.22 23:36:10.520,0.75654,0.7568,1.00,1.12
2016.03.22 23:36:11.296,0.75652,0.7568,2.25,1.12
2016.03.22 23:36:18.028,0.75655,0.7568,1.00,1.12
2016.03.22 23:36:18.230,0.75663,0.75689,1.00,1.00
2016.03.22 23:36:18.761,0.75663,0.7569,1.00,1.12
2016.03.22 23:36:19.518,0.75662,0.75689,1.12,1.00
2016.03.22 23:36:19.967,0.75661,0.75688,1.87,1.37
2016.03.22 23:36:20.298,0.75663,0.75691,1.12,2.62
2016.03.22 23:36:20.900,0.75662,0.7569,1.50,2.25
2016.03.22 23:36:21.452,0.75663,0.7569,1.00,1.87
2016.03.22 23:36:21.754,0.75663,0.75691,1.87,1.12
2016.03.22 23:36:21.956,0.75666,0.75693,1.00,2.25
2016.03.22 23:36:22.504,0.75665,0.75692,1.00,1.50
2016.03.22 23:36:24.117,0.75664,0.75691,1.00,1.12
2016.03.22 23:36:31.869,0.75663,0.7569,1.00,1.37
2016.03.22 23:36:32.021,0.75663,0.7569,1.87,1.00
2016.03.22 23:36:32.524,0.75663,0.75689,1.00,1.50
2016.03.22 23:36:33.422,0.75664,0.7569,1.00,1.00
2016.03.22 23:36:33.523,0.75668,0.75693,1.00,1.75
2016.03.22 23:36:33.624,0.75668,0.75693,1.00,1.00
2016.03.22 23:36:33.727,0.75671,0.75694,1.00,1.12
2016.03.22 23:36:35.644,0.75672,0.75697,1.00,1.75
2016.03.22 23:36:35.745,0.75672,0.75697,1.00,1.00
2016.03.22 23:36:36.290,0.75671,0.75697,1.87,1.00
2016.03.22 23:36:36.743,0.75671,0.75695,1.00,1.00
2016.03.22 23:36:36.944,0.75668,0.75695,1.50,1.00
2016.03.22 23:36:37.146,0.75666,0.75693,2.25,1.00
2016.03.22 23:36:37.247,0.75666,0.75693,1.50,1.12
2016.03.22 23:36:37.767,0.75665,0.75692,1.12,1.50
2016.03.22 23:36:39.633,0.75665,0.75693,1.12,1.12
2016.03.22 23:36:42.663,0.75665,0.7569,1.12,1.00
2016.03.22 23:36:44.542,0.75666,0.7569,1.00,1.00
2016.03.22 23:36:44.756,0.75667,0.75692,1.00,1.00
2016.03.22 23:36:45.071,0.75669,0.75694,1.50,1.00
2016.03.22 23:36:45.882,0.75669,0.75694,1.00,1.37
2016.03.22 23:36:45.984,0.75667,0.75694,1.00,1.50
2016.03.22 23:36:46.160,0.75666,0.7569,1.00,1.00
2016.03.22 23:36:47.127,0.75666,0.75694,1.75,1.00
2016.03.22 23:36:47.379,0.75672,0.75694,1.00,1.00
2016.03.22 23:36:47.691,0.7567,0.75697,1.87,1.00
2016.03.22 23:36:50.050,0.75671,0.75698,2.25,1.00
2016.03.22 23:36:50.556,0.75673,0.75698,1.00,1.00
2016.03.22 23:36:52.577,0.75671,0.75698,2.25,1.00
2016.03.22 23:36:53.121,0.75671,0.75699,2.25,1.00
2016.03.22 23:36:53.641,0.75673,0.75699,1.00,1.00
2016.03.22 23:36:56.492,0.75673,0.75702,1.00,1.75
2016.03.22 23:36:57.067,0.75675,0.75702,1.00,1.75
2016.03.22 23:37:02.106,0.75674,0.757,1.00,1.12
2016.03.22 23:37:03.522,0.75674,0.75699,1.00,1.37
2016.03.22 23:37:03.673,0.75672,0.75697,1.00,1.00
2016.03.22 23:37:03.986,0.75672,0.75694,1.00,1.00
2016.03.22 23:37:04.626,0.75672,0.75695,1.00,1.50
2016.03.22 23:37:05.218,0.75672,0.75695,1.00,1.87
2016.03.22 23:37:05.319,0.7567,0.75694,1.00,1.00
2016.03.22 23:37:06.177,0.7567,0.75691,1.00,1.00
2016.03.22 23:37:06.328,0.75666,0.75691,1.00,1.50
2016.03.22 23:37:06.429,0.75666,0.7569,1.00,1.37
2016.03.22 23:37:07.142,0.75665,0.75688,1.00,1.00
2016.03.22 23:37:07.618,0.75662,0.75688,1.12,1.00
2016.03.22 23:37:07.870,0.75664,0.75688,1.00,1.00
2016.03.22 23:37:08.441,0.75664,0.75689,1.00,1.12
2016.03.22 23:37:09.806,0.75663,0.75689,1.00,1.12
2016.03.22 23:37:10.356,0.75664,0.75689,1.00,1.12
2016.03.22 23:37:10.941,0.75664,0.75689,1.00,1.37
2016.03.22 23:37:11.042,0.75661,0.75688,1.50,1.50
2016.03.22 23:37:11.143,0.7566,0.75685,1.00,1.00
2016.03.22 23:37:11.446,0.75659,0.75681,1.00,1.00
2016.03.22 23:37:12.134,0.75658,0.75681,1.00,1.12
2016.03.22 23:37:12.584,0.75656,0.7568,1.50,1.00
2016.03.22 23:37:13.037,0.75654,0.7568,1.12,1.87
2016.03.22 23:37:13.613,0.75653,0.75679,1.00,1.12
2016.03.22 23:37:15.974,0.75653,0.75678,1.00,1.00
2016.03.22 23:37:16.506,0.75653,0.7568,1.50,2.25
2016.03.22 23:37:16.608,0.75655,0.7568,1.00,1.50
2016.03.22 23:37:16.910,0.75659,0.75685,2.25,1.00
2016.03.22 23:37:17.726,0.7566,0.7568,2.25,1.00
2016.03.22 23:37:18.981,0.7566,0.75681,3.00,1.00
2016.03.22 23:37:19.958,0.7566,0.75685,3.00,1.00
2016.03.22 23:37:21.026,0.7566,0.7568,2.25,1.00
2016.03.22 23:37:21.429,0.75658,0.7568,1.50,1.00
2016.03.22 23:37:25.398,0.75659,0.7568,1.50,1.00
2016.03.22 23:37:25.449,0.75659,0.75685,1.50,1.00
2016.03.22 23:37:25.500,0.75659,0.75685,2.25,1.00
2016.03.22 23:37:27.087,0.75663,0.7569,1.12,1.87
2016.03.22 23:37:31.165,0.75664,0.7569,1.00,1.87
2016.03.22 23:37:31.692,0.75663,0.7569,1.12,2.62
2016.03.22 23:37:32.267,0.75665,0.7569,1.00,1.87
2016.03.22 23:37:32.470,0.75663,0.7569,1.12,1.87
2016.03.22 23:37:33.467,0.75662,0.75686,1.50,1.00
2016.03.22 23:37:34.475,0.75663,0.7569,1.12,2.62
2016.03.22 23:37:36.197,0.75663,0.75689,1.12,1.00
2016.03.22 23:37:36.646,0.75665,0.7569,1.00,1.12
2016.03.22 23:37:36.898,0.75663,0.7569,1.12,1.12
2016.03.22 23:37:40.407,0.75662,0.75685,1.50,1.00
2016.03.22 23:37:44.891,0.75662,0.75685,1.12,1.00
2016.03.22 23:37:46.556,0.75662,0.7569,1.00,3.00
2016.03.22 23:37:51.546,0.75664,0.7569,1.00,1.75
2016.03.22 23:37:53.052,0.75664,0.7569,1.12,1.00
2016.03.22 23:37:53.596,0.75664,0.75692,1.12,2.25
2016.03.22 23:37:57.057,0.75662,0.7569,1.00,2.25
2016.03.22 23:38:02.115,0.75663,0.7569,1.00,1.50
2016.03.22 23:38:06.488,0.75662,0.7569,1.00,2.25
2016.03.22 23:38:07.024,0.75663,0.75691,1.00,1.75
2016.03.22 23:38:08.193,0.75664,0.75691,1.00,1.75
2016.03.22 23:38:10.713,0.75662,0.75691,1.00,1.75
2016.03.22 23:38:18.490,0.75663,0.75691,1.00,1.75
2016.03.22 23:38:19.021,0.75664,0.75691,1.00,1.75
2016.03.22 23:38:19.173,0.75666,0.75691,1.00,1.75
2016.03.22 23:38:20.046,0.75664,0.75691,1.50,1.75
2016.03.22 23:38:20.595,0.75665,0.75691,1.00,1.12
2016.03.22 23:38:21.577,0.75664,0.75693,1.87,1.75
2016.03.22 23:38:23.971,0.75664,0.7569,1.12,1.00
2016.03.22 23:38:25.297,0.75663,0.7569,1.00,2.25
2016.03.22 23:38:26.276,0.75663,0.75685,1.00,1.00
2016.03.22 23:38:26.528,0.75656,0.75682,1.00,1.12
2016.03.22 23:38:27.855,0.75657,0.75682,1.00,1.12
2016.03.22 23:38:28.405,0.75656,0.75682,1.00,1.12
2016.03.22 23:38:29.107,0.75655,0.75682,1.00,1.12
2016.03.22 23:38:33.978,0.75655,0.75681,1.00,1.00
2016.03.22 23:38:34.480,0.75655,0.75683,1.87,1.87
2016.03.22 23:38:34.984,0.75658,0.75683,1.00,1.00
2016.03.22 23:38:35.799,0.75657,0.75683,1.12,1.00
2016.03.22 23:38:36.102,0.75659,0.75686,1.50,2.25
2016.03.22 23:38:37.870,0.75657,0.75685,1.87,1.50
2016.03.22 23:38:38.579,0.75658,0.75686,1.00,2.25
2016.03.22 23:38:38.730,0.75658,0.75686,2.25,1.50
2016.03.22 23:38:39.472,0.75658,0.75685,1.50,1.00
2016.03.22 23:38:40.673,0.75658,0.75686,2.25,1.50
2016.03.22 23:38:41.180,0.75661,0.75686,1.00,1.50
2016.03.22 23:38:41.432,0.75662,0.75689,1.37,1.00
2016.03.22 23:38:41.975,0.75662,0.7569,1.87,1.87
2016.03.22 23:38:42.877,0.75662,0.75689,1.87,1.00
2016.03.22 23:38:49.583,0.75663,0.7569,1.12,1.87
2016.03.22 23:38:53.237,0.75665,0.75691,1.12,1.00
2016.03.22 23:38:53.774,0.75666,0.75692,1.00,1.00
2016.03.22 23:38:54.534,0.75669,0.75692,1.00,1.00
2016.03.22 23:39:02.799,0.75668,0.75692,1.00,1.00
2016.03.22 23:39:08.304,0.75666,0.75692,1.50,1.00
2016.03.22 23:39:08.607,0.75666,0.7569,1.50,1.00
2016.03.22 23:39:09.111,0.75666,0.7569,1.50,1.00
2016.03.22 23:39:09.310,0.75666,0.75694,1.50,1.50
2016.03.22 23:39:10.803,0.75665,0.75693,3.00,1.00
2016.03.22 23:39:11.167,0.75665,0.7569,1.87,1.00
2016.03.22 23:39:11.999,0.75665,0.7569,1.00,1.00
2016.03.22 23:39:13.205,0.75664,0.7569,1.00,1.00
2016.03.22 23:39:13.752,0.75663,0.7569,1.50,2.25
2016.03.22 23:39:14.574,0.75663,0.75689,1.00,1.37
2016.03.22 23:39:14.876,0.75659,0.75684,1.00,1.75
2016.03.22 23:39:17.104,0.75656,0.75684,1.00,2.25
2016.03.22 23:39:26.343,0.75657,0.75684,1.00,2.25
2016.03.22 23:39:29.533,0.75659,0.75684,1.00,1.75
2016.03.22 23:39:29.678,0.75659,0.75684,1.00,1.50
2016.03.22 23:39:30.236,0.75659,0.75684,1.12,1.00
2016.03.22 23:39:36.573,0.7566,0.75684,1.00,1.00
2016.03.22 23:39:41.549,0.75659,0.75684,1.87,1.00
2016.03.22 23:39:46.930,0.75656,0.75683,2.25,1.00
2016.03.22 23:39:47.082,0.75656,0.75683,2.25,1.00
2016.03.22 23:39:53.064,0.75656,0.75684,1.50,1.87
2016.03.22 23:39:53.527,0.75658,0.75682,1.00,1.00
2016.03.22 23:39:53.781,0.7566,0.75687,1.00,1.87
2016.03.22 23:39:54.003,0.75661,0.75687,1.37,1.00
2016.03.22 23:40:02.232,0.75661,0.75688,1.50,1.00
2016.03.22 23:40:02.740,0.7566,0.75687,1.75,1.00
2016.03.22 23:40:05.618,0.75666,0.75689,1.00,1.12
2016.03.22 23:40:05.976,0.75664,0.75689,1.12,1.00
2016.03.22 23:40:10.244,0.75664,0.75689,1.00,1.37
2016.03.22 23:40:10.496,0.75662,0.75689,1.00,1.50
2016.03.22 23:40:11.116,0.75661,0.75689,1.12,2.25
2016.03.22 23:40:11.668,0.75661,0.75689,1.00,2.25
2016.03.22 23:40:13.317,0.75657,0.75687,2.25,3.00
2016.03.22 23:40:13.367,0.75657,0.75686,1.12,1.37
2016.03.22 23:40:13.728,0.75655,0.75684,1.12,3.00
2016.03.22 23:40:14.229,0.75656,0.75684,1.00,2.25
2016.03.22 23:40:15.132,0.75655,0.75684,1.12,3.00
2016.03.22 23:40:21.100,0.75655,0.75682,1.12,1.00
2016.03.22 23:40:21.352,0.75655,0.75682,1.87,1.00
2016.03.22 23:40:21.722,0.7566,0.75688,1.00,3.37
2016.03.22 23:40:22.624,0.75664,0.75688,1.00,1.75
2016.03.22 23:40:22.726,0.75664,0.75689,1.00,1.00
2016.03.22 23:40:23.257,0.75664,0.7569,1.50,1.00
2016.03.22 23:40:23.775,0.75664,0.75692,1.50,1.00
2016.03.22 23:40:24.027,0.75666,0.75693,1.37,1.87
2016.03.22 23:40:25.176,0.75667,0.75695,1.00,3.00
2016.03.22 23:40:25.830,0.75666,0.75694,1.50,1.75
2016.03.22 23:40:26.513,0.75665,0.75692,1.12,1.12
2016.03.22 23:40:29.379,0.75665,0.75691,1.12,1.00
2016.03.22 23:40:30.911,0.75663,0.7569,1.75,1.00
2016.03.22 23:40:33.707,0.75662,0.75691,1.75,1.50
2016.03.22 23:40:40.985,0.75662,0.75691,1.87,1.75
2016.03.22 23:40:41.086,0.75662,0.75688,1.00,1.75
2016.03.22 23:40:41.288,0.7566,0.75686,1.00,1.12
2016.03.22 23:40:41.540,0.7566,0.75684,1.00,1.00
2016.03.22 23:40:41.591,0.75656,0.75684,1.00,1.75
2016.03.22 23:40:41.893,0.75656,0.75683,1.12,1.00
2016.03.22 23:40:41.994,0.75656,0.75683,1.00,1.75
2016.03.22 23:40:42.566,0.75656,0.7568,1.00,1.00
2016.03.22 23:40:42.718,0.75653,0.75678,1.00,1.12
2016.03.22 23:40:42.870,0.75653,0.75678,1.00,1.50
2016.03.22 23:40:43.244,0.7565,0.75678,1.00,1.75
2016.03.22 23:40:43.764,0.75649,0.75676,1.50,1.50
2016.03.22 23:40:44.408,0.7565,0.75676,1.00,1.50
2016.03.22 23:40:45.812,0.75653,0.75678,1.00,1.00
2016.03.22 23:40:47.758,0.75651,0.75678,1.50,1.50
2016.03.22 23:40:51.416,0.75652,0.75676,1.12,1.00
2016.03.22 23:40:51.619,0.75658,0.75685,3.00,1.00
2016.03.22 23:40:52.936,0.75656,0.75683,1.87,1.00
2016.03.22 23:40:53.783,0.75656,0.7568,1.12,1.00
2016.03.22 23:40:53.919,0.75654,0.7568,1.12,1.00
2016.03.22 23:40:55.947,0.75651,0.7568,1.87,1.75
2016.03.22 23:40:56.448,0.75653,0.7568,1.50,1.75
2016.03.22 23:40:58.538,0.75652,0.7568,1.50,2.25
2016.03.22 23:40:59.163,0.75651,0.75678,1.87,1.12
2016.03.22 23:41:01.131,0.75649,0.75676,1.75,1.00
2016.03.22 23:41:01.434,0.7565,0.75678,1.50,1.87
2016.03.22 23:41:09.565,0.75648,0.75676,2.25,1.00
2016.03.22 23:41:09.666,0.75648,0.75676,1.50,1.75
2016.03.22 23:41:14.628,0.75649,0.75676,1.00,1.75
2016.03.22 23:41:16.784,0.75647,0.75675,1.87,2.25
2016.03.22 23:41:20.203,0.75648,0.75675,1.00,3.00
2016.03.22 23:41:20.967,0.75651,0.75675,1.00,1.50
2016.03.22 23:41:21.312,0.75656,0.75679,1.37,1.00
2016.03.22 23:41:21.413,0.75659,0.75686,1.00,2.25
2016.03.22 23:41:28.073,0.7566,0.75685,1.00,1.87
2016.03.22 23:41:29.571,0.75658,0.75685,1.50,1.87
2016.03.22 23:41:30.374,0.75659,0.75685,1.00,2.62
2016.03.22 23:41:30.881,0.75658,0.75685,1.00,3.37
2016.03.22 23:41:32.662,0.75657,0.75684,1.12,1.12
2016.03.22 23:41:34.163,0.75658,0.75684,1.00,1.12
2016.03.22 23:41:34.822,0.75657,0.75684,1.12,1.12
2016.03.22 23:41:36.589,0.75658,0.75685,1.00,2.62
2016.03.22 23:41:37.498,0.75659,0.75685,1.00,1.87
2016.03.22 23:41:37.768,0.75661,0.75685,1.00,1.87
2016.03.22 23:41:40.566,0.75662,0.75685,1.00,1.37
2016.03.22 23:41:40.916,0.7566,0.75685,1.00,1.37
2016.03.22 23:41:41.433,0.75657,0.75684,1.50,1.12
2016.03.22 23:41:41.706,0.75658,0.75685,1.37,1.12
2016.03.22 23:41:52.706,0.7566,0.75685,1.00,1.00
2016.03.22 23:41:54.347,0.75659,0.75685,1.12,1.50
2016.03.22 23:41:58.611,0.7566,0.75685,1.00,1.50
2016.03.22 23:42:00.172,0.7566,0.7568,1.00,1.00
2016.03.22 23:42:00.413,0.7566,0.75685,1.00,1.50
2016.03.22 23:42:01.884,0.75661,0.75685,1.00,1.00
2016.03.22 23:42:02.249,0.75666,0.75688,1.00,1.75
2016.03.22 23:42:02.350,0.75666,0.75688,1.00,1.00
2016.03.22 23:42:02.401,0.75666,0.7569,1.00,1.00
2016.03.22 23:42:09.468,0.75667,0.7569,1.00,1.00
2016.03.22 23:42:18.232,0.75666,0.7569,1.00,1.00
2016.03.22 23:42:27.248,0.75666,0.75692,1.00,1.37
2016.03.22 23:42:27.792,0.75665,0.75692,1.00,1.37
2016.03.22 23:42:28.302,0.75664,0.75691,1.00,1.12
2016.03.22 23:42:29.072,0.75664,0.7569,1.00,1.00
2016.03.22 23:42:30.049,0.75665,0.7569,1.00,1.00
2016.03.22 23:42:31.852,0.75665,0.75692,1.00,2.62
2016.03.22 23:42:33.801,0.75665,0.7569,1.00,1.00
2016.03.22 23:42:34.611,0.75665,0.75692,1.00,2.62
2016.03.22 23:42:35.049,0.75663,0.75691,1.12,1.12
2016.03.22 23:42:37.067,0.75664,0.75692,1.00,2.62
2016.03.22 23:42:37.269,0.75666,0.75692,1.00,1.37
2016.03.22 23:42:38.020,0.75667,0.75694,1.00,1.75
2016.03.22 23:42:38.665,0.75666,0.75694,1.00,1.75
2016.03.22 23:42:44.259,0.75665,0.75695,1.50,3.75
2016.03.22 23:42:45.308,0.75665,0.75695,1.50,3.75
2016.03.22 23:42:46.140,0.75666,0.75695,1.00,3.00
2016.03.22 23:42:49.572,0.75666,0.7569,1.00,1.00
2016.03.22 23:42:49.623,0.75664,0.7569,1.50,1.12
2016.03.22 23:42:50.702,0.75662,0.7569,2.25,1.12
2016.03.22 23:42:53.168,0.75663,0.7569,1.50,1.12
2016.03.22 23:42:53.311,0.75665,0.75691,1.75,1.00
2016.03.22 23:42:54.730,0.75665,0.75691,1.87,1.00
2016.03.22 23:42:55.582,0.75668,0.75691,1.00,1.00
2016.03.22 23:42:58.323,0.75666,0.75692,1.75,1.00
2016.03.22 23:42:58.625,0.7567,0.75694,1.00,1.00
2016.03.22 23:42:59.532,0.7567,0.75695,1.50,1.12
2016.03.22 23:43:00.438,0.75668,0.75695,1.87,1.87
2016.03.22 23:43:00.589,0.75668,0.75693,1.12,1.00
2016.03.22 23:43:00.741,0.75666,0.75692,1.00,1.00
2016.03.22 23:43:00.893,0.75666,0.75688,1.00,1.00
2016.03.22 23:43:01.044,0.75662,0.75687,1.00,1.00
2016.03.22 23:43:01.944,0.7566,0.75687,2.25,1.00
2016.03.22 23:43:02.379,0.7566,0.75685,1.50,1.00
2016.03.22 23:43:09.036,0.7566,0.75686,1.50,1.00
2016.03.22 23:43:09.086,0.75661,0.75688,1.12,1.12
2016.03.22 23:43:09.338,0.75662,0.7569,2.25,1.50
2016.03.22 23:43:12.732,0.75665,0.75692,1.00,1.50
2016.03.22 23:43:13.034,0.75667,0.75692,1.50,1.00
2016.03.22 23:43:13.185,0.75668,0.75695,1.12,1.12
2016.03.22 23:43:13.775,0.75669,0.75696,1.00,2.25
2016.03.22 23:43:14.302,0.7567,0.75695,1.00,1.12
2016.03.22 23:43:14.852,0.75668,0.75695,1.12,1.87
2016.03.22 23:43:16.158,0.75667,0.75694,2.25,1.00
2016.03.22 23:43:19.561,0.75667,0.75694,1.50,1.50
2016.03.22 23:43:20.533,0.75667,0.75692,1.00,1.00
2016.03.22 23:43:21.095,0.75667,0.75694,1.00,1.50
2016.03.22 23:43:25.970,0.75667,0.75691,1.00,1.00
2016.03.22 23:43:26.071,0.75665,0.75691,1.12,1.00
2016.03.22 23:43:26.173,0.75667,0.7569,1.00,1.00
2016.03.22 23:43:28.210,0.75668,0.7569,1.00,1.00
2016.03.22 23:43:28.530,0.75672,0.75695,2.25,1.00
2016.03.22 23:43:31.480,0.75672,0.75699,2.25,1.00
2016.03.22 23:43:31.632,0.75677,0.75701,1.00,1.12
2016.03.22 23:43:32.456,0.75677,0.757,2.25,1.00
2016.03.22 23:43:32.758,0.7568,0.757,1.12,1.00
2016.03.22 23:43:32.809,0.7568,0.75707,1.12,1.00
2016.03.22 23:43:32.960,0.75685,0.75707,1.00,1.00
2016.03.22 23:43:33.430,0.75685,0.7571,1.00,1.00
2016.03.22 23:43:34.091,0.75685,0.75709,1.00,1.00
2016.03.22 23:43:34.192,0.75685,0.75705,1.00,1.00
2016.03.22 23:43:34.294,0.75681,0.75705,1.50,1.00
2016.03.22 23:43:34.634,0.75681,0.757,1.00,1.00
2016.03.22 23:43:34.785,0.75681,0.75705,1.00,1.00
2016.03.22 23:43:35.209,0.75681,0.757,1.00,1.00
2016.03.22 23:43:36.280,0.75681,0.75705,1.00,1.00
2016.03.22 23:43:37.270,0.75681,0.757,1.00,1.00
2016.03.22 23:43:39.671,0.7568,0.757,1.50,1.00
2016.03.22 23:43:40.193,0.75678,0.757,1.50,1.00
2016.03.22 23:43:48.501,0.75676,0.75703,1.75,1.00
2016.03.22 23:43:49.017,0.75676,0.75702,1.75,1.00
2016.03.22 23:43:51.020,0.75676,0.757,1.75,1.00
2016.03.22 23:43:51.529,0.75674,0.75699,1.75,1.00
2016.03.22 23:43:51.831,0.75673,0.75697,1.75,1.00
2016.03.22 23:43:52.234,0.75673,0.75699,1.75,1.00
2016.03.22 23:43:52.704,0.75674,0.75701,1.75,1.00
2016.03.22 23:43:53.159,0.7568,0.75703,1.00,1.50
2016.03.22 23:43:58.430,0.75676,0.75703,2.25,1.00
2016.03.22 23:44:03.666,0.75678,0.75704,1.50,1.00
2016.03.22 23:44:04.053,0.75678,0.75702,1.50,1.00
2016.03.22 23:44:04.680,0.75678,0.75701,1.50,1.00
2016.03.22 23:44:05.384,0.75678,0.75702,1.50,1.00
2016.03.22 23:44:05.968,0.75678,0.757,1.50,1.00
2016.03.22 23:44:06.587,0.75678,0.75699,1.50,1.00
2016.03.22 23:44:10.673,0.75675,0.757,1.75,1.00
2016.03.22 23:44:13.941,0.75675,0.75701,1.75,1.00
2016.03.22 23:44:14.494,0.75676,0.75702,1.75,1.00
2016.03.22 23:44:16.478,0.75676,0.75703,2.25,1.50
2016.03.22 23:44:30.467,0.7568,0.75703,1.00,1.00
2016.03.22 23:44:31.067,0.7568,0.75705,1.00,1.00
2016.03.22 23:44:32.694,0.7568,0.75704,1.00,1.00
2016.03.22 23:44:33.666,0.75678,0.75704,1.50,1.00
2016.03.22 23:44:34.473,0.75678,0.75704,1.00,1.00
2016.03.22 23:44:36.025,0.75678,0.75703,1.00,1.00
2016.03.22 23:44:37.025,0.75678,0.75704,1.00,1.00
2016.03.22 23:44:37.699,0.75677,0.75704,1.00,1.00
2016.03.22 23:44:39.200,0.75677,0.75703,1.00,1.00
2016.03.22 23:44:39.704,0.75678,0.75704,1.00,1.00
2016.03.22 23:44:40.748,0.75678,0.75702,1.00,1.00
2016.03.22 23:44:46.059,0.75674,0.75702,1.00,1.50
2016.03.22 23:44:47.025,0.75674,0.757,1.00,1.00
2016.03.22 23:44:47.565,0.75673,0.757,1.50,1.50
2016.03.22 23:44:47.867,0.75677,0.75704,1.00,1.00
2016.03.22 23:44:48.209,0.7568,0.75703,1.00,1.00
2016.03.22 23:44:48.259,0.75677,0.75703,1.00,1.00
2016.03.22 23:44:49.010,0.75677,0.75702,1.00,1.00
2016.03.22 23:44:49.609,0.75677,0.75701,1.00,1.00
2016.03.22 23:44:49.722,0.75674,0.75701,1.50,1.00
2016.03.22 23:44:49.823,0.75677,0.75701,1.00,1.00
2016.03.22 23:44:50.514,0.75677,0.75702,1.00,1.00
2016.03.22 23:44:51.030,0.75677,0.75701,1.00,1.12
2016.03.22 23:44:51.567,0.75676,0.757,1.00,1.00
2016.03.22 23:44:55.415,0.75676,0.75702,1.00,1.50
2016.03.22 23:44:55.731,0.75676,0.75699,1.00,1.00
2016.03.22 23:44:56.266,0.75676,0.757,1.00,1.00
2016.03.22 23:44:56.809,0.75677,0.75701,1.00,1.12
2016.03.22 23:44:56.910,0.75677,0.75704,1.50,1.50
2016.03.22 23:44:57.432,0.75681,0.75705,1.00,1.12
2016.03.22 23:44:57.483,0.75681,0.75707,1.50,1.00
2016.03.22 23:44:58.033,0.75682,0.75709,1.87,1.00
2016.03.22 23:44:58.782,0.75683,0.7571,1.00,1.87
2016.03.22 23:45:02.360,0.75682,0.75709,1.87,1.00
2016.03.22 23:45:02.868,0.75683,0.7571,1.50,1.87
2016.03.22 23:45:03.629,0.75683,0.75709,1.00,1.00
2016.03.22 23:45:03.883,0.75682,0.75706,1.12,1.00
2016.03.22 23:45:08.570,0.75681,0.75705,1.50,1.00
2016.03.22 23:45:09.747,0.75683,0.75705,1.00,1.00
2016.03.22 23:45:10.159,0.75684,0.7571,1.00,1.12
2016.03.22 23:45:12.319,0.75684,0.75705,1.00,1.00
2016.03.22 23:45:14.787,0.75683,0.75705,1.00,1.00
2016.03.22 23:45:15.803,0.75684,0.75705,1.00,1.00
2016.03.22 23:45:18.985,0.75682,0.75705,1.00,1.00
2016.03.22 23:45:19.730,0.7568,0.75706,1.00,1.12
2016.03.22 23:45:20.235,0.7568,0.75705,1.00,1.00
2016.03.22 23:45:20.336,0.75679,0.75704,1.00,1.87
2016.03.22 23:45:20.387,0.75677,0.75704,1.00,2.25
2016.03.22 23:45:20.589,0.75676,0.757,1.00,1.00
2016.03.22 23:45:26.429,0.75677,0.757,1.00,1.00
2016.03.22 23:45:31.819,0.75678,0.757,1.00,1.00
2016.03.22 23:45:46.771,0.75678,0.75699,1.00,1.37
2016.03.22 23:45:46.821,0.75674,0.75699,1.00,1.50
2016.03.22 23:45:46.922,0.75675,0.757,1.00,1.50
2016.03.22 23:45:47.074,0.75675,0.757,1.00,2.62
2016.03.22 23:45:47.225,0.75673,0.757,1.87,1.87
2016.03.22 23:45:47.276,0.75675,0.757,1.00,1.12
2016.03.22 23:45:47.781,0.75676,0.757,1.00,1.12
2016.03.22 23:45:50.628,0.75678,0.757,1.00,1.12
2016.03.22 23:45:57.278,0.75679,0.757,1.00,1.12
2016.03.22 23:46:01.576,0.75678,0.757,1.00,1.12
2016.03.22 23:46:01.779,0.75675,0.757,1.00,1.87
2016.03.22 23:46:01.880,0.75677,0.757,1.00,1.12
2016.03.22 23:46:02.407,0.75678,0.757,1.00,1.12
2016.03.22 23:46:02.970,0.75679,0.757,1.00,1.00
2016.03.22 23:46:07.128,0.75678,0.757,1.00,1.00
2016.03.22 23:46:07.629,0.75677,0.757,1.00,1.00
2016.03.22 23:46:08.211,0.75676,0.757,1.00,1.00
2016.03.22 23:46:10.538,0.75674,0.757,1.50,1.00
2016.03.22 23:46:16.968,0.75674,0.757,1.12,1.12
2016.03.22 23:46:17.270,0.75674,0.75698,1.00,1.00
2016.03.22 23:46:17.618,0.75673,0.75695,1.12,1.00
2016.03.22 23:46:18.808,0.75673,0.75699,1.12,1.00
2016.03.22 23:46:18.858,0.75673,0.75697,1.12,1.00
2016.03.22 23:46:19.207,0.75673,0.75695,1.00,1.00
2016.03.22 23:46:19.459,0.75671,0.75695,1.00,1.00
2016.03.22 23:46:20.768,0.75671,0.75694,1.00,1.00
2016.03.22 23:46:20.970,0.7567,0.7569,1.00,1.00
2016.03.22 23:46:21.021,0.75665,0.7569,1.75,1.00
2016.03.22 23:46:21.532,0.75667,0.75691,1.12,1.50
2016.03.22 23:46:22.429,0.75668,0.75691,1.00,1.00
2016.03.22 23:46:22.953,0.75668,0.7569,1.00,1.00
2016.03.22 23:46:23.714,0.75668,0.75692,1.00,1.00
2016.03.22 23:46:23.866,0.7567,0.75693,1.00,1.00
2016.03.22 23:46:24.119,0.75674,0.757,1.50,1.50
2016.03.22 23:46:24.171,0.75674,0.757,1.00,1.87
2016.03.22 23:46:24.322,0.75677,0.757,1.00,1.87
2016.03.22 23:46:24.525,0.75674,0.75699,1.00,1.00
2016.03.22 23:46:24.729,0.75676,0.757,1.00,1.12
2016.03.22 23:46:25.066,0.75678,0.757,1.00,1.00
2016.03.22 23:46:25.368,0.75677,0.75705,1.00,1.75
2016.03.22 23:46:25.419,0.75679,0.75705,1.00,1.75
2016.03.22 23:46:25.722,0.75679,0.757,1.00,1.00
2016.03.22 23:46:25.823,0.75679,0.75705,1.00,1.75
2016.03.22 23:46:26.075,0.75683,0.75705,1.00,1.37
2016.03.22 23:46:26.126,0.75683,0.75705,1.00,1.12
2016.03.22 23:46:26.678,0.75682,0.75705,1.00,1.00
2016.03.22 23:46:27.081,0.75686,0.75705,1.00,1.00
2016.03.22 23:46:27.132,0.75686,0.7571,1.00,1.00
2016.03.22 23:46:27.283,0.75684,0.7571,1.12,1.00
2016.03.22 23:46:27.368,0.75686,0.7571,1.00,1.00
2016.03.22 23:46:29.475,0.75686,0.75705,1.00,1.00
2016.03.22 23:46:29.758,0.75686,0.75711,1.00,1.12
2016.03.22 23:46:29.868,0.75686,0.75705,1.00,1.00
2016.03.22 23:46:30.089,0.75686,0.7571,1.00,1.50
2016.03.22 23:46:30.269,0.75688,0.7571,1.00,1.50
2016.03.22 23:46:30.749,0.75688,0.75705,1.00,1.00
2016.03.22 23:46:31.298,0.75688,0.75711,1.00,1.75
2016.03.22 23:46:31.768,0.75686,0.75711,1.00,1.75
2016.03.22 23:46:32.325,0.75685,0.75711,1.00,2.25
2016.03.22 23:46:32.870,0.75686,0.75711,1.00,1.75
2016.03.22 23:46:37.048,0.75685,0.75711,1.00,1.75
2016.03.22 23:46:37.588,0.75686,0.75711,1.00,1.75
2016.03.22 23:46:37.823,0.75688,0.7571,1.00,1.00
2016.03.22 23:46:38.893,0.75689,0.7571,1.00,1.00
2016.03.22 23:46:39.218,0.75689,0.75715,1.00,2.25
2016.03.22 23:46:40.317,0.75689,0.75715,1.50,1.50
2016.03.22 23:46:46.990,0.7569,0.75715,1.00,1.50
2016.03.22 23:46:47.167,0.75692,0.75715,1.00,1.00
2016.03.22 23:46:49.448,0.75692,0.75716,1.00,1.87
2016.03.22 23:46:54.223,0.75692,0.75715,1.00,1.00
2016.03.22 23:46:54.556,0.7569,0.75711,1.50,1.00
2016.03.22 23:46:55.058,0.7569,0.75705,1.00,1.00
2016.03.22 23:46:57.038,0.7569,0.7571,1.00,1.00
2016.03.22 23:46:58.248,0.7569,0.75705,1.00,1.00
2016.03.22 23:47:02.241,0.7569,0.7571,1.00,1.00
2016.03.22 23:47:02.649,0.7569,0.75705,1.00,1.00
2016.03.22 23:47:03.527,0.7569,0.7571,1.00,1.00
2016.03.22 23:47:06.307,0.75691,0.7571,1.00,1.00
2016.03.22 23:47:11.904,0.75691,0.75711,1.00,1.00
2016.03.22 23:47:13.436,0.75691,0.7571,1.00,1.00
2016.03.22 23:47:13.487,0.75693,0.7571,1.00,1.00
2016.03.22 23:47:13.588,0.75693,0.75716,1.37,1.50
2016.03.22 23:47:13.638,0.75696,0.75716,1.00,1.50
2016.03.22 23:47:13.943,0.75697,0.75715,1.75,1.00
2016.03.22 23:47:14.096,0.75698,0.7572,1.50,1.00
2016.03.22 23:47:14.247,0.75704,0.7572,1.00,1.00
2016.03.22 23:47:14.349,0.75704,0.75725,1.00,1.00
2016.03.22 23:47:14.450,0.75706,0.7573,1.00,1.50
2016.03.22 23:47:14.601,0.75707,0.7573,1.37,1.00
2016.03.22 23:47:14.904,0.7571,0.75731,1.00,1.00
2016.03.22 23:47:15.266,0.75707,0.7573,1.00,1.00
2016.03.22 23:47:17.063,0.75707,0.75725,1.00,1.00
2016.03.22 23:47:17.621,0.75706,0.75725,1.12,1.00
2016.03.22 23:47:17.877,0.75706,0.7573,2.25,1.00
2016.03.22 23:47:20.657,0.75708,0.75731,1.12,1.00
2016.03.22 23:47:22.068,0.75708,0.75725,1.12,1.00
2016.03.22 23:47:22.270,0.75705,0.75725,2.25,1.00
2016.03.22 23:47:24.370,0.75707,0.75725,1.00,1.00
2016.03.22 23:47:28.782,0.75706,0.75725,1.12,1.00
2016.03.22 23:47:32.597,0.75706,0.7573,1.12,1.00
2016.03.22 23:47:33.489,0.75706,0.75726,1.12,1.00
2016.03.22 23:47:33.696,0.75706,0.7573,1.12,1.00
2016.03.22 23:47:34.355,0.75707,0.7573,1.00,1.00
2016.03.22 23:47:39.754,0.75706,0.7573,1.12,1.00
2016.03.22 23:47:41.090,0.75707,0.7573,1.00,1.00
2016.03.22 23:47:41.141,0.75707,0.7573,1.37,1.00
2016.03.22 23:47:43.099,0.7571,0.7573,1.00,1.00
2016.03.22 23:47:46.698,0.75712,0.7573,1.00,1.00
2016.03.22 23:47:47.054,0.7571,0.7573,1.00,1.00
2016.03.22 23:47:48.216,0.7571,0.75735,1.00,1.50
2016.03.22 23:47:49.765,0.75711,0.75735,1.00,1.50
2016.03.22 23:47:52.466,0.75712,0.75735,1.37,1.50
2016.03.22 23:47:52.787,0.75716,0.75735,1.12,1.00
2016.03.22 23:47:52.838,0.75718,0.75741,1.37,1.50
2016.03.22 23:47:55.916,0.75719,0.75741,1.12,1.50
2016.03.22 23:47:56.468,0.75719,0.7574,1.12,1.00
2016.03.22 23:48:02.749,0.75718,0.75735,1.50,1.00
2016.03.22 23:48:02.967,0.75715,0.75735,1.50,1.00
2016.03.22 23:48:03.219,0.75715,0.7573,1.00,1.00
2016.03.22 23:48:03.320,0.7571,0.7573,1.00,1.00
2016.03.22 23:48:03.422,0.7571,0.75725,1.00,1.00
2016.03.22 23:48:03.523,0.75703,0.7573,1.12,1.87
2016.03.22 23:48:03.573,0.75703,0.75728,1.12,1.00
2016.03.22 23:48:03.876,0.757,0.7572,2.25,1.00
2016.03.22 23:48:03.927,0.757,0.7572,1.87,1.00
2016.03.22 23:48:04.766,0.75701,0.7572,1.00,1.00
2016.03.22 23:48:05.066,0.75701,0.75725,1.00,1.00
2016.03.22 23:48:05.757,0.75702,0.75725,1.00,1.00
2016.03.22 23:48:09.128,0.75702,0.75723,1.00,1.00
2016.03.22 23:48:09.381,0.757,0.75723,1.00,1.00
2016.03.22 23:48:09.896,0.75697,0.75723,1.12,1.50
2016.03.22 23:48:10.106,0.75698,0.7572,1.00,1.00
2016.03.22 23:48:10.326,0.75698,0.75722,1.00,1.00
2016.03.22 23:48:10.664,0.75698,0.7572,1.00,1.00
2016.03.22 23:48:10.913,0.75698,0.75722,1.00,1.00
2016.03.22 23:48:12.196,0.75698,0.7572,1.00,1.00
2016.03.22 23:48:12.416,0.75698,0.75722,1.00,1.00
2016.03.22 23:48:12.638,0.75698,0.7572,1.00,1.00
2016.03.22 23:48:12.900,0.75698,0.75722,1.00,1.00
2016.03.22 23:48:13.217,0.75698,0.7572,1.00,1.00
2016.03.22 23:48:13.441,0.75698,0.75722,1.00,1.00
2016.03.22 23:48:13.643,0.75698,0.7572,1.00,1.00
2016.03.22 23:48:13.846,0.75698,0.75722,1.00,1.00
2016.03.22 23:48:14.327,0.75698,0.7572,1.00,1.00
2016.03.22 23:48:14.985,0.75698,0.75721,1.00,1.50
2016.03.22 23:48:15.187,0.75696,0.7572,1.12,1.00
2016.03.22 23:48:15.489,0.75695,0.75718,1.00,1.00
2016.03.22 23:48:16.637,0.75693,0.75718,1.37,1.00
2016.03.22 23:48:24.768,0.75695,0.75718,1.00,1.00
