2015.03.24 06:00:00.441,0.91583,0.91607,1.00,1.65
2015.03.24 06:00:00.492,0.91583,0.91604,1.07,1.00
2015.03.24 06:00:00.643,0.9159,0.91613,1.07,1.00
2015.03.24 06:00:00.744,0.91595,0.91613,1.00,1.00
2015.03.24 06:00:00.795,0.91595,0.91616,1.00,1.00
2015.03.24 06:00:00.896,0.91595,0.91618,1.07,1.00
2015.03.24 06:00:00.997,0.91598,0.91621,1.00,1.65
2015.03.24 06:00:01.098,0.91598,0.91621,1.10,1.00
2015.03.24 06:00:01.522,0.916,0.91622,1.00,1.00
2015.03.24 06:00:01.674,0.91601,0.91625,1.10,1.50
2015.03.24 06:00:01.775,0.91601,0.91625,1.00,1.65
2015.03.24 06:00:01.981,0.91601,0.91625,1.65,1.00
2015.03.24 06:00:02.083,0.91604,0.91627,1.50,1.10
2015.03.24 06:00:03.338,0.91604,0.91628,1.00,2.02
2015.03.24 06:00:04.287,0.91602,0.91626,1.10,1.87
2015.03.24 06:00:04.639,0.91601,0.91626,1.17,1.87
2015.03.24 06:00:04.740,0.916,0.91624,1.50,1.55
2015.03.24 06:00:05.042,0.91598,0.91622,1.57,1.87
2015.03.24 06:00:05.395,0.91595,0.9162,1.10,1.20
2015.03.24 06:00:05.445,0.91595,0.91617,1.10,1.00
2015.03.24 06:00:05.748,0.91593,0.91616,1.50,1.00
2015.03.24 06:00:05.899,0.91593,0.91616,1.00,1.15
2015.03.24 06:00:06.408,0.91594,0.91615,1.00,1.17
2015.03.24 06:00:07.348,0.91593,0.91617,1.50,2.02
2015.03.24 06:00:07.887,0.91594,0.91617,1.00,2.02
2015.03.24 06:00:08.547,0.91595,0.91617,1.00,2.02
2015.03.24 06:00:10.567,0.91593,0.91617,1.50,1.15
2015.03.24 06:00:10.668,0.91596,0.91617,1.00,1.15
2015.03.24 06:00:10.718,0.91596,0.91617,1.00,1.00
2015.03.24 06:00:11.234,0.91597,0.91617,1.00,1.00
2015.03.24 06:00:11.539,0.91595,0.91617,1.00,1.00
2015.03.24 06:00:11.644,0.91597,0.91619,1.00,1.17
2015.03.24 06:00:12.185,0.91598,0.91619,1.00,1.17
2015.03.24 06:00:12.236,0.91595,0.91619,1.50,1.17
2015.03.24 06:00:12.337,0.91597,0.91619,1.00,1.17
2015.03.24 06:00:13.077,0.91596,0.91619,1.00,1.17
2015.03.24 06:00:13.625,0.91595,0.91619,1.00,1.65
2015.03.24 06:00:14.027,0.91595,0.91616,1.00,1.00
2015.03.24 06:00:14.179,0.91591,0.91615,1.65,1.00
2015.03.24 06:00:14.516,0.91594,0.91618,1.00,1.10
2015.03.24 06:00:15.021,0.91595,0.91618,1.12,1.10
2015.03.24 06:00:15.071,0.91597,0.91618,1.00,1.10
2015.03.24 06:00:15.525,0.91595,0.91621,1.50,1.65
2015.03.24 06:00:15.626,0.91597,0.91621,1.00,1.65
2015.03.24 06:00:19.760,0.91598,0.91622,1.00,1.15
2015.03.24 06:00:19.861,0.91601,0.91622,1.00,1.10
2015.03.24 06:00:19.963,0.91601,0.91625,1.50,1.20
2015.03.24 06:00:20.022,0.91601,0.91625,1.50,1.17
2015.03.24 06:00:20.325,0.91603,0.91625,1.00,1.10
2015.03.24 06:00:20.844,0.91604,0.91625,1.00,1.10
2015.03.24 06:00:21.100,0.91602,0.91625,1.00,1.10
2015.03.24 06:00:21.353,0.91604,0.91625,1.00,1.10
2015.03.24 06:00:21.555,0.91601,0.91625,1.50,1.10
2015.03.24 06:00:21.656,0.91604,0.91625,1.00,1.10
2015.03.24 06:00:22.103,0.91602,0.91625,1.00,1.10
2015.03.24 06:00:22.349,0.91604,0.91625,1.00,1.10
2015.03.24 06:00:22.893,0.91605,0.91625,1.00,1.10
2015.03.24 06:00:23.342,0.91603,0.91625,1.12,1.10
2015.03.24 06:00:23.443,0.91605,0.91625,1.00,1.10
2015.03.24 06:00:25.497,0.91606,0.91625,1.00,1.10
2015.03.24 06:00:25.762,0.91602,0.91625,1.37,1.10
2015.03.24 06:00:26.382,0.91604,0.91625,1.00,1.10
2015.03.24 06:00:28.439,0.91604,0.91622,1.00,1.47
2015.03.24 06:00:28.490,0.916,0.91622,1.00,1.47
2015.03.24 06:00:28.591,0.91596,0.91621,1.17,1.00
2015.03.24 06:00:29.237,0.91596,0.91621,1.10,1.07
2015.03.24 06:00:29.540,0.91598,0.9162,1.12,1.17
2015.03.24 06:00:29.742,0.91599,0.91622,1.12,1.00
2015.03.24 06:00:29.843,0.916,0.9162,1.00,1.00
2015.03.24 06:00:29.943,0.91598,0.9162,1.00,1.10
2015.03.24 06:00:29.994,0.916,0.9162,1.00,1.10
2015.03.24 06:00:30.498,0.91601,0.91624,1.00,1.65
2015.03.24 06:00:30.649,0.91601,0.91624,1.37,1.10
2015.03.24 06:00:31.002,0.91605,0.91625,1.00,1.17
2015.03.24 06:00:31.449,0.91606,0.91627,1.00,1.57
2015.03.24 06:00:31.600,0.91606,0.91625,1.00,1.00
2015.03.24 06:00:31.802,0.91603,0.91626,1.00,1.07
2015.03.24 06:00:32.004,0.91601,0.91623,1.00,1.00
2015.03.24 06:00:32.105,0.91599,0.91623,1.57,1.00
2015.03.24 06:00:32.608,0.91599,0.91622,1.10,1.00
2015.03.24 06:00:33.172,0.91597,0.91621,1.15,1.00
2015.03.24 06:00:33.798,0.91597,0.91621,1.07,1.07
2015.03.24 06:00:34.345,0.91597,0.91621,1.50,1.65
2015.03.24 06:00:34.929,0.91597,0.91618,1.00,1.00
2015.03.24 06:00:35.080,0.91595,0.91618,1.00,1.07
2015.03.24 06:00:41.360,0.91596,0.91619,1.00,1.15
2015.03.24 06:00:44.744,0.91597,0.91621,1.00,1.95
2015.03.24 06:00:44.845,0.91597,0.91621,1.50,1.50
2015.03.24 06:00:44.996,0.91598,0.91621,1.00,1.37
2015.03.24 06:00:45.535,0.91597,0.91621,1.50,1.87
2015.03.24 06:00:46.941,0.91597,0.91621,1.50,1.87
2015.03.24 06:00:47.142,0.91597,0.91621,1.00,2.62
2015.03.24 06:00:47.800,0.91597,0.91621,1.50,1.87
2015.03.24 06:00:47.850,0.91597,0.91614,1.00,1.10
2015.03.24 06:00:48.052,0.91587,0.9161,1.17,1.00
2015.03.24 06:00:48.316,0.91587,0.91612,2.02,1.00
2015.03.24 06:00:48.367,0.9159,0.91614,1.00,2.02
2015.03.24 06:00:48.699,0.91592,0.91614,1.00,1.17
2015.03.24 06:00:49.057,0.9159,0.91614,1.50,1.17
2015.03.24 06:00:49.259,0.91593,0.91614,1.00,1.17
2015.03.24 06:00:49.380,0.91591,0.91614,1.00,1.17
2015.03.24 06:00:49.942,0.91592,0.91614,1.00,1.17
2015.03.24 06:00:50.454,0.91593,0.91616,1.00,1.15
2015.03.24 06:00:50.606,0.91594,0.91617,1.00,1.10
2015.03.24 06:00:50.913,0.91596,0.91617,1.00,1.10
2015.03.24 06:00:56.506,0.91595,0.91619,1.65,1.00
2015.03.24 06:00:56.657,0.91595,0.91619,1.95,1.10
2015.03.24 06:00:56.809,0.916,0.91624,1.52,1.00
2015.03.24 06:00:56.860,0.91603,0.91625,1.07,1.00
2015.03.24 06:00:56.961,0.91605,0.91627,1.00,1.00
2015.03.24 06:00:57.167,0.91607,0.91628,1.10,1.00
2015.03.24 06:00:57.217,0.91607,0.91631,1.17,1.50
2015.03.24 06:00:57.318,0.9161,0.91634,1.07,1.10
2015.03.24 06:00:57.419,0.91612,0.91636,1.00,1.10
2015.03.24 06:00:57.621,0.91613,0.91636,1.07,1.00
2015.03.24 06:00:58.428,0.91614,0.91636,1.00,1.07
2015.03.24 06:00:58.942,0.91615,0.91639,1.00,1.15
2015.03.24 06:00:59.621,0.91615,0.91639,1.00,2.02
2015.03.24 06:00:59.672,0.91615,0.91639,1.00,2.02
2015.03.24 06:01:00.601,0.91614,0.9164,1.00,1.52
2015.03.24 06:01:01.062,0.91616,0.91641,1.00,1.15
2015.03.24 06:01:01.380,0.91617,0.91643,1.00,1.55
2015.03.24 06:01:01.891,0.91618,0.91643,1.00,1.27
2015.03.24 06:01:01.997,0.9162,0.91643,1.00,1.27
2015.03.24 06:01:02.149,0.91616,0.91641,1.00,1.15
2015.03.24 06:01:02.350,0.91614,0.91639,1.00,1.20
2015.03.24 06:01:02.451,0.91616,0.91638,1.00,1.00
2015.03.24 06:01:02.668,0.91613,0.91638,1.00,1.00
2015.03.24 06:01:03.122,0.91617,0.9164,1.00,1.15
2015.03.24 06:01:03.273,0.91615,0.91639,1.00,1.20
2015.03.24 06:01:03.374,0.91617,0.9164,1.00,1.15
2015.03.24 06:01:03.882,0.91618,0.91642,1.00,1.15
2015.03.24 06:01:03.983,0.91618,0.91642,1.00,1.07
2015.03.24 06:01:04.390,0.91618,0.91642,1.00,1.15
2015.03.24 06:01:09.064,0.91617,0.9164,1.00,1.15
2015.03.24 06:01:09.498,0.91617,0.91638,1.00,1.15
2015.03.24 06:01:09.874,0.91615,0.91636,1.00,1.10
2015.03.24 06:01:10.198,0.91615,0.91638,1.00,3.45
2015.03.24 06:01:10.299,0.91613,0.91635,1.00,1.15
2015.03.24 06:01:10.860,0.91613,0.91631,1.00,1.00
2015.03.24 06:01:10.911,0.91613,0.91629,1.00,1.27
2015.03.24 06:01:11.062,0.91606,0.91627,1.00,1.27
2015.03.24 06:01:11.163,0.916,0.91625,1.00,1.27
2015.03.24 06:01:11.264,0.91599,0.91623,1.10,1.07
2015.03.24 06:01:11.780,0.916,0.91622,1.00,1.17
2015.03.24 06:01:12.083,0.91602,0.91622,1.00,1.17
2015.03.24 06:01:12.184,0.916,0.91622,1.00,1.17
2015.03.24 06:01:12.487,0.91602,0.91622,1.00,1.17
2015.03.24 06:01:16.462,0.916,0.91623,1.00,1.15
2015.03.24 06:01:16.920,0.916,0.91623,1.00,1.00
2015.03.24 06:01:17.021,0.91602,0.91626,1.00,1.27
2015.03.24 06:01:17.222,0.91604,0.91627,1.00,1.10
2015.03.24 06:01:17.424,0.91606,0.9163,1.00,1.65
2015.03.24 06:01:17.526,0.91606,0.9163,1.00,1.10
2015.03.24 06:01:17.627,0.91606,0.91632,1.37,1.15
2015.03.24 06:01:17.728,0.9161,0.91634,1.50,1.17
2015.03.24 06:01:17.980,0.91612,0.91638,1.00,1.27
2015.03.24 06:01:18.505,0.91611,0.91635,1.00,1.15
2015.03.24 06:01:18.807,0.91614,0.91636,1.00,1.15
2015.03.24 06:01:18.959,0.91611,0.91636,1.00,1.15
2015.03.24 06:01:19.110,0.91614,0.91636,1.00,1.15
2015.03.24 06:01:19.312,0.91611,0.91636,1.00,1.15
2015.03.24 06:01:19.413,0.91614,0.91636,1.00,1.15
2015.03.24 06:01:19.514,0.91611,0.91636,1.00,1.15
2015.03.24 06:01:19.877,0.91613,0.91636,1.00,1.15
2015.03.24 06:01:21.712,0.91612,0.91634,1.00,1.17
2015.03.24 06:01:21.914,0.9161,0.91632,1.00,1.00
2015.03.24 06:01:22.115,0.91609,0.9163,1.00,1.17
2015.03.24 06:01:22.418,0.91605,0.91622,1.00,1.10
2015.03.24 06:01:22.519,0.91605,0.91624,1.00,1.50
2015.03.24 06:01:23.022,0.91605,0.91626,1.00,1.17
2015.03.24 06:01:23.526,0.91604,0.91627,1.00,1.15
2015.03.24 06:01:23.627,0.91601,0.91625,1.00,1.15
2015.03.24 06:01:23.929,0.91598,0.91618,1.00,1.00
2015.03.24 06:01:24.030,0.91598,0.9162,1.00,1.00
2015.03.24 06:01:24.181,0.916,0.9162,1.00,1.00
2015.03.24 06:01:24.433,0.916,0.91622,1.00,1.10
2015.03.24 06:01:24.585,0.91602,0.91622,1.00,1.10
2015.03.24 06:01:25.135,0.91604,0.91623,1.00,1.07
2015.03.24 06:01:25.538,0.91601,0.91623,1.50,1.07
2015.03.24 06:01:26.339,0.91602,0.91623,1.00,1.07
2015.03.24 06:01:26.541,0.91604,0.91623,1.00,1.07
2015.03.24 06:01:28.295,0.91603,0.91622,1.00,1.10
2015.03.24 06:01:28.547,0.91604,0.91624,1.00,1.00
2015.03.24 06:01:28.648,0.91602,0.91624,1.50,1.00
2015.03.24 06:01:28.749,0.91606,0.91625,1.00,1.10
2015.03.24 06:01:29.152,0.91606,0.91627,1.00,1.00
2015.03.24 06:01:30.281,0.91606,0.91628,1.00,1.10
2015.03.24 06:01:30.382,0.91606,0.91626,1.00,1.00
2015.03.24 06:01:30.919,0.91606,0.91626,1.00,1.17
2015.03.24 06:01:34.687,0.91602,0.91623,1.00,1.00
2015.03.24 06:01:34.738,0.91602,0.91623,1.00,1.15
2015.03.24 06:01:34.839,0.91599,0.91623,1.00,1.15
2015.03.24 06:01:35.360,0.916,0.91623,1.00,1.15
2015.03.24 06:01:35.562,0.91598,0.91621,1.00,1.15
2015.03.24 06:01:35.663,0.916,0.91623,1.00,1.27
2015.03.24 06:01:35.814,0.91597,0.91621,1.00,1.15
2015.03.24 06:01:36.117,0.916,0.91623,1.00,1.15
2015.03.24 06:01:36.218,0.91597,0.91621,1.50,1.15
2015.03.24 06:01:36.571,0.916,0.91623,1.00,1.15
2015.03.24 06:01:42.128,0.916,0.91623,1.00,1.15
2015.03.24 06:01:42.442,0.91596,0.91622,1.00,3.45
2015.03.24 06:01:42.543,0.91596,0.91618,1.00,2.32
2015.03.24 06:01:42.745,0.91594,0.91618,1.00,4.20
2015.03.24 06:01:42.954,0.91588,0.91612,1.87,1.15
2015.03.24 06:01:43.055,0.91591,0.91614,1.00,1.15
2015.03.24 06:01:43.358,0.91588,0.91611,1.00,1.15
2015.03.24 06:01:48.684,0.91592,0.91613,1.00,1.15
2015.03.24 06:01:48.785,0.91588,0.91612,1.12,1.17
2015.03.24 06:01:49.560,0.91592,0.91614,1.00,1.15
2015.03.24 06:01:51.457,0.91592,0.91616,1.12,1.65
2015.03.24 06:01:51.508,0.91596,0.91618,1.00,1.15
2015.03.24 06:01:51.659,0.91596,0.91618,1.00,1.17
2015.03.24 06:01:52.077,0.91598,0.91619,1.00,1.15
2015.03.24 06:01:52.594,0.91598,0.91622,1.00,1.15
2015.03.24 06:01:52.645,0.91598,0.91622,1.87,1.15
2015.03.24 06:01:52.948,0.91602,0.91625,1.00,1.15
2015.03.24 06:01:53.200,0.91602,0.91626,1.00,1.65
2015.03.24 06:01:53.704,0.91602,0.91626,1.37,1.15
2015.03.24 06:01:54.214,0.91604,0.91628,1.00,1.15
2015.03.24 06:01:55.387,0.916,0.91624,1.87,1.17
2015.03.24 06:01:56.208,0.916,0.91624,1.87,1.17
2015.03.24 06:01:56.259,0.91603,0.91627,1.00,1.27
2015.03.24 06:01:56.412,0.91601,0.91625,1.50,1.15
2015.03.24 06:01:57.266,0.91604,0.91627,1.00,1.27
2015.03.24 06:01:58.268,0.91604,0.91628,1.50,1.65
2015.03.24 06:01:58.371,0.91606,0.91628,1.00,1.00
2015.03.24 06:01:58.472,0.91611,0.91635,1.00,1.65
2015.03.24 06:01:58.624,0.9161,0.91634,1.50,1.10
2015.03.24 06:01:58.826,0.91613,0.91634,1.00,1.00
2015.03.24 06:01:58.877,0.91614,0.91638,1.00,1.17
2015.03.24 06:01:58.977,0.91618,0.91642,1.00,1.15
2015.03.24 06:01:59.078,0.91618,0.91642,1.00,1.15
2015.03.24 06:01:59.332,0.91622,0.91646,1.00,3.07
2015.03.24 06:01:59.534,0.91619,0.9164,1.00,1.10
2015.03.24 06:01:59.584,0.91619,0.9164,1.00,1.15
2015.03.24 06:01:59.685,0.91614,0.91638,1.00,1.15
2015.03.24 06:01:59.887,0.91614,0.91638,1.00,3.82
2015.03.24 06:02:00.190,0.91611,0.91634,1.00,1.15
2015.03.24 06:02:00.744,0.91609,0.91635,1.00,2.32
2015.03.24 06:02:02.719,0.91611,0.91636,1.00,1.15
2015.03.24 06:02:03.240,0.91611,0.91636,1.87,1.15
2015.03.24 06:02:03.827,0.91611,0.91636,1.87,1.15
2015.03.24 06:02:04.821,0.91609,0.91636,1.50,1.65
2015.03.24 06:02:09.507,0.91609,0.91636,1.00,4.20
2015.03.24 06:02:14.537,0.91608,0.91635,1.50,1.27
2015.03.24 06:02:14.745,0.91605,0.91629,1.95,1.00
2015.03.24 06:02:14.846,0.91608,0.91632,1.00,1.15
2015.03.24 06:02:18.848,0.91615,0.91632,1.00,1.65
2015.03.24 06:02:18.949,0.91615,0.91635,1.00,1.65
2015.03.24 06:02:19.050,0.91615,0.91638,1.00,1.52
2015.03.24 06:02:19.152,0.91617,0.91638,1.00,1.15
2015.03.24 06:02:20.696,0.91617,0.91641,1.00,1.15
2015.03.24 06:02:20.747,0.91617,0.91641,1.00,1.17
2015.03.24 06:02:22.441,0.91618,0.91641,1.00,1.17
2015.03.24 06:02:22.757,0.9162,0.91644,1.00,1.15
2015.03.24 06:02:23.016,0.9162,0.91644,1.00,1.15
2015.03.24 06:02:23.533,0.91621,0.91645,1.50,1.15
2015.03.24 06:02:29.687,0.9162,0.91643,1.00,1.17
2015.03.24 06:02:30.210,0.91619,0.91643,1.00,1.17
2015.03.24 06:02:31.539,0.91619,0.91644,1.00,1.15
2015.03.24 06:02:36.212,0.91619,0.91645,1.37,3.82
2015.03.24 06:02:36.822,0.91619,0.91645,1.12,4.20
2015.03.24 06:02:47.198,0.91619,0.91645,1.37,3.07
2015.03.24 06:02:47.800,0.91619,0.91645,1.00,3.07
2015.03.24 06:02:48.855,0.91618,0.91644,1.12,1.15
2015.03.24 06:02:50.802,0.91616,0.91639,1.00,1.15
2015.03.24 06:02:51.334,0.91615,0.91637,1.50,1.17
2015.03.24 06:02:58.723,0.91615,0.91639,2.25,1.27
2015.03.24 06:03:03.827,0.91615,0.91639,2.62,1.20
2015.03.24 06:03:04.129,0.9162,0.91644,1.00,2.02
2015.03.24 06:03:04.230,0.91618,0.9164,1.00,1.15
2015.03.24 06:03:04.671,0.91621,0.91641,1.00,1.10
2015.03.24 06:03:04.772,0.91621,0.91645,1.00,1.20
2015.03.24 06:03:05.459,0.91621,0.91642,1.00,1.00
2015.03.24 06:03:05.996,0.9162,0.91642,1.20,1.00
2015.03.24 06:03:06.334,0.9162,0.9164,1.20,1.00
2015.03.24 06:03:06.437,0.9162,0.91643,1.20,1.00
2015.03.24 06:03:06.951,0.9162,0.91644,1.20,1.00
2015.03.24 06:03:10.072,0.9162,0.91643,1.20,1.00
2015.03.24 06:03:12.746,0.9162,0.91643,1.47,1.00
2015.03.24 06:03:13.252,0.91621,0.9164,1.00,1.00
2015.03.24 06:03:13.302,0.91618,0.9164,1.37,1.00
2015.03.24 06:03:13.864,0.91618,0.9164,1.12,1.17
2015.03.24 06:03:14.402,0.91617,0.9164,1.00,1.17
2015.03.24 06:03:15.006,0.9162,0.91641,1.00,1.15
2015.03.24 06:03:15.863,0.9162,0.91644,1.00,1.65
2015.03.24 06:03:20.963,0.9162,0.91642,1.37,1.10
2015.03.24 06:03:21.367,0.91622,0.91644,1.00,1.50
2015.03.24 06:03:21.418,0.91624,0.91644,1.00,1.50
2015.03.24 06:03:21.922,0.91623,0.91644,1.00,1.00
2015.03.24 06:03:22.455,0.91624,0.91645,1.00,1.10
2015.03.24 06:03:25.239,0.91621,0.91645,1.87,1.10
2015.03.24 06:03:25.340,0.91624,0.91647,1.00,1.15
2015.03.24 06:03:25.693,0.91624,0.91647,1.00,3.45
2015.03.24 06:03:25.794,0.91621,0.91642,1.00,1.17
2015.03.24 06:03:26.296,0.9162,0.91642,1.00,1.65
2015.03.24 06:03:28.679,0.91618,0.91642,1.00,1.17
2015.03.24 06:03:29.385,0.91618,0.91642,1.87,1.17
2015.03.24 06:03:29.910,0.91626,0.91642,1.00,1.00
2015.03.24 06:03:29.961,0.91626,0.91645,1.00,1.10
2015.03.24 06:03:30.212,0.91621,0.91645,1.87,1.10
2015.03.24 06:03:32.187,0.91621,0.91645,1.87,1.10
2015.03.24 06:03:32.928,0.91621,0.91645,1.87,1.10
2015.03.24 06:03:34.416,0.91623,0.91645,1.00,1.10
2015.03.24 06:03:42.237,0.91623,0.91645,1.57,1.00
2015.03.24 06:03:42.288,0.91629,0.91647,1.00,1.00
2015.03.24 06:03:42.389,0.9163,0.91652,1.87,1.00
2015.03.24 06:03:42.439,0.91634,0.91656,1.87,1.17
2015.03.24 06:03:42.490,0.91634,0.91656,1.87,1.10
2015.03.24 06:03:42.641,0.91643,0.91661,1.00,1.17
2015.03.24 06:03:42.692,0.91643,0.91661,1.00,1.10
2015.03.24 06:03:42.742,0.91645,0.91668,1.50,2.32
2015.03.24 06:03:42.793,0.91645,0.91669,1.50,1.15
2015.03.24 06:03:42.844,0.91648,0.91671,1.00,1.15
2015.03.24 06:03:42.894,0.91648,0.9167,1.00,1.17
2015.03.24 06:03:42.945,0.91645,0.91667,1.07,1.00
2015.03.24 06:03:43.096,0.91644,0.91667,1.00,1.20
2015.03.24 06:03:43.298,0.91643,0.91665,1.00,1.00
2015.03.24 06:03:44.061,0.91644,0.91665,1.00,1.00
2015.03.24 06:03:45.323,0.91646,0.91665,1.00,1.00
2015.03.24 06:03:45.374,0.91646,0.91668,1.00,1.15
2015.03.24 06:03:49.046,0.91644,0.91668,1.87,1.15
2015.03.24 06:03:52.022,0.91644,0.91668,1.87,1.15
2015.03.24 06:03:53.325,0.91644,0.91668,1.87,1.15
2015.03.24 06:03:55.756,0.91646,0.91668,1.00,1.15
2015.03.24 06:03:56.058,0.91648,0.91671,1.12,1.15
2015.03.24 06:03:58.806,0.91646,0.9167,1.12,1.17
2015.03.24 06:04:02.537,0.91646,0.91667,1.00,1.17
2015.03.24 06:04:02.595,0.9164,0.91667,2.02,1.17
2015.03.24 06:04:03.999,0.91642,0.91668,1.37,1.15
2015.03.24 06:04:04.818,0.91646,0.91668,1.00,1.15
2015.03.24 06:04:18.877,0.91646,0.91666,1.00,1.07
2015.03.24 06:04:18.978,0.91646,0.91667,1.00,1.27
2015.03.24 06:04:19.804,0.91646,0.91667,1.00,1.65
2015.03.24 06:04:20.512,0.91642,0.91667,1.37,1.65
2015.03.24 06:04:21.016,0.91644,0.91666,1.00,1.20
2015.03.24 06:04:21.977,0.91644,0.91668,1.37,1.65
2015.03.24 06:04:22.963,0.91644,0.91668,1.37,1.15
2015.03.24 06:04:23.491,0.91644,0.91667,1.37,1.15
2015.03.24 06:04:24.197,0.91644,0.91667,1.37,1.00
2015.03.24 06:04:24.611,0.91644,0.91668,1.37,1.07
2015.03.24 06:04:24.914,0.91644,0.91668,1.00,1.65
2015.03.24 06:04:25.569,0.91646,0.91668,1.00,1.15
2015.03.24 06:04:26.351,0.91644,0.91668,1.00,1.65
2015.03.24 06:04:26.402,0.91642,0.91664,1.00,1.00
2015.03.24 06:04:26.927,0.91641,0.91664,1.00,1.00
2015.03.24 06:04:27.589,0.91646,0.91664,1.00,1.00
2015.03.24 06:04:27.791,0.9164,0.91664,1.20,1.00
2015.03.24 06:04:31.887,0.91646,0.91664,1.00,1.50
2015.03.24 06:04:32.038,0.9164,0.91664,1.47,1.00
2015.03.24 06:04:32.674,0.9164,0.91664,1.95,1.00
2015.03.24 06:04:33.214,0.9164,0.91664,1.87,1.17
2015.03.24 06:04:33.736,0.9164,0.91664,1.47,1.00
2015.03.24 06:04:34.272,0.9164,0.91663,1.12,1.20
2015.03.24 06:04:34.781,0.91637,0.91661,1.37,1.00
2015.03.24 06:04:35.097,0.91635,0.91655,1.00,1.10
2015.03.24 06:04:35.411,0.91637,0.91658,1.00,1.57
2015.03.24 06:04:35.462,0.91637,0.9166,1.00,1.17
2015.03.24 06:04:35.563,0.91641,0.9166,1.00,1.00
2015.03.24 06:04:35.765,0.91661,0.91685,1.00,2.40
2015.03.24 06:04:35.867,0.91661,0.91685,1.00,1.50
2015.03.24 06:04:35.974,0.9166,0.91682,1.10,1.00
2015.03.24 06:04:36.277,0.91667,0.91689,1.00,1.17
2015.03.24 06:04:36.378,0.91663,0.91684,1.10,1.00
2015.03.24 06:04:36.580,0.91663,0.91685,1.00,1.07
2015.03.24 06:04:36.731,0.91663,0.91685,1.00,1.00
2015.03.24 06:04:36.782,0.91662,0.91685,1.00,1.07
2015.03.24 06:04:37.084,0.91666,0.91685,1.00,1.00
2015.03.24 06:04:37.336,0.91663,0.91683,1.00,1.10
2015.03.24 06:04:37.487,0.9166,0.91684,1.57,1.07
2015.03.24 06:04:37.840,0.91659,0.91683,1.00,1.65
2015.03.24 06:04:37.890,0.91661,0.91683,1.00,1.15
2015.03.24 06:04:38.042,0.9166,0.91685,1.00,1.15
2015.03.24 06:04:38.092,0.9166,0.91685,1.00,1.15
2015.03.24 06:04:38.193,0.91658,0.91685,2.25,1.15
2015.03.24 06:04:38.545,0.9166,0.91685,1.00,1.15
2015.03.24 06:04:38.762,0.91658,0.91686,1.50,3.82
2015.03.24 06:04:38.863,0.91662,0.91682,1.00,1.17
2015.03.24 06:04:38.964,0.9166,0.91686,1.50,2.32
2015.03.24 06:04:39.281,0.9166,0.91685,1.00,1.15
2015.03.24 06:04:39.382,0.9166,0.91685,1.00,3.07
2015.03.24 06:04:39.533,0.91658,0.91685,1.65,1.00
2015.03.24 06:04:39.641,0.91659,0.91683,1.00,1.10
2015.03.24 06:04:39.961,0.91659,0.91683,1.00,1.15
2015.03.24 06:04:40.213,0.9166,0.91684,1.50,1.10
2015.03.24 06:04:40.314,0.91662,0.91688,1.00,1.15
2015.03.24 06:04:40.516,0.91658,0.91685,1.17,1.17
2015.03.24 06:04:40.617,0.91659,0.91685,1.00,1.15
2015.03.24 06:04:40.718,0.91657,0.91683,1.50,1.17
2015.03.24 06:04:40.819,0.91658,0.91683,1.17,1.00
2015.03.24 06:04:41.364,0.9166,0.91686,1.00,1.15
2015.03.24 06:04:41.685,0.91662,0.91688,1.00,1.15
2015.03.24 06:04:41.735,0.9166,0.91687,1.50,1.15
2015.03.24 06:04:42.290,0.91658,0.91684,1.17,1.10
2015.03.24 06:04:42.944,0.91659,0.91686,1.15,1.00
2015.03.24 06:04:43.386,0.9166,0.91679,1.15,1.50
2015.03.24 06:04:43.437,0.9166,0.91679,1.10,1.50
2015.03.24 06:04:43.538,0.9166,0.91678,1.00,1.15
2015.03.24 06:04:43.643,0.9165,0.91672,1.17,1.00
2015.03.24 06:04:43.694,0.9165,0.9167,1.17,1.00
2015.03.24 06:04:43.745,0.91645,0.9167,1.15,1.00
2015.03.24 06:04:43.845,0.91645,0.91669,1.00,1.10
2015.03.24 06:04:44.231,0.91645,0.91672,1.65,1.00
2015.03.24 06:04:44.332,0.91647,0.91676,1.15,1.50
2015.03.24 06:04:44.433,0.91649,0.91676,1.10,1.17
2015.03.24 06:04:44.887,0.9165,0.91672,1.00,1.00
2015.03.24 06:04:45.139,0.91648,0.91675,1.00,1.65
2015.03.24 06:04:45.606,0.9165,0.91673,1.50,1.07
2015.03.24 06:04:45.807,0.9165,0.91674,1.57,1.00
2015.03.24 06:04:45.958,0.9165,0.91674,1.00,1.15
2015.03.24 06:04:46.160,0.91649,0.91675,1.15,1.00
2015.03.24 06:04:46.685,0.91652,0.91678,1.50,1.15
2015.03.24 06:04:46.736,0.91652,0.91678,1.65,1.00
2015.03.24 06:04:47.084,0.91654,0.91676,1.00,1.00
2015.03.24 06:04:47.236,0.91657,0.91682,1.65,1.00
2015.03.24 06:04:47.488,0.9166,0.91684,1.00,1.17
2015.03.24 06:04:47.640,0.91661,0.91686,1.00,1.00
2015.03.24 06:04:48.144,0.91662,0.91687,1.15,1.00
2015.03.24 06:04:48.680,0.91667,0.91687,1.00,1.00
2015.03.24 06:04:48.967,0.91665,0.91689,1.65,1.00
2015.03.24 06:04:49.067,0.91665,0.91691,1.10,1.17
2015.03.24 06:04:49.625,0.91666,0.91691,1.00,1.17
2015.03.24 06:04:50.170,0.91665,0.91691,1.57,1.17
2015.03.24 06:04:50.734,0.91665,0.91688,1.10,1.00
2015.03.24 06:04:50.885,0.91661,0.91689,1.17,1.65
2015.03.24 06:04:50.986,0.91661,0.91687,1.00,1.15
2015.03.24 06:04:51.199,0.91659,0.91687,1.10,1.15
2015.03.24 06:04:51.300,0.91661,0.91687,1.00,1.15
2015.03.24 06:04:51.351,0.91661,0.91687,1.17,1.10
2015.03.24 06:04:51.402,0.91665,0.91688,1.00,1.17
2015.03.24 06:04:51.754,0.91665,0.9169,1.57,1.10
2015.03.24 06:04:52.157,0.91665,0.91693,1.50,3.07
2015.03.24 06:04:52.409,0.91662,0.91692,1.10,2.40
2015.03.24 06:04:52.561,0.91662,0.91692,1.15,2.40
2015.03.24 06:04:52.712,0.91664,0.91689,1.20,1.00
2015.03.24 06:04:53.233,0.91665,0.91691,1.50,1.20
2015.03.24 06:04:53.435,0.91663,0.91691,1.15,1.57
2015.03.24 06:04:53.586,0.91657,0.91685,2.02,1.15
2015.03.24 06:04:53.795,0.91655,0.91682,1.10,1.17
2015.03.24 06:04:53.896,0.91654,0.91682,1.50,1.15
2015.03.24 06:04:54.349,0.91654,0.91682,2.40,1.17
2015.03.24 06:04:54.400,0.91658,0.91682,1.00,1.17
2015.03.24 06:04:54.510,0.91654,0.91682,1.65,1.17
2015.03.24 06:04:55.025,0.91657,0.91683,1.00,1.15
2015.03.24 06:04:55.076,0.91657,0.91683,1.17,1.00
2015.03.24 06:04:55.594,0.91656,0.91685,2.40,1.65
2015.03.24 06:04:56.262,0.9166,0.91685,1.00,1.17
2015.03.24 06:04:56.954,0.91656,0.91684,2.77,1.10
2015.03.24 06:04:58.629,0.9166,0.91686,1.37,1.15
2015.03.24 06:04:58.679,0.91662,0.91688,1.00,1.15
2015.03.24 06:04:58.781,0.91662,0.9169,2.02,1.50
2015.03.24 06:04:58.985,0.91668,0.91694,1.27,1.10
2015.03.24 06:04:59.035,0.91668,0.91694,1.55,1.10
2015.03.24 06:04:59.086,0.9167,0.91696,1.52,1.00
2015.03.24 06:04:59.173,0.9167,0.91694,1.15,1.00
2015.03.24 06:04:59.224,0.91669,0.91698,1.15,1.17
2015.03.24 06:04:59.527,0.91671,0.91693,1.17,1.00
2015.03.24 06:04:59.628,0.91671,0.91695,1.17,1.00
2015.03.24 06:04:59.729,0.9167,0.917,4.57,1.07
2015.03.24 06:04:59.780,0.91674,0.917,1.15,1.00
2015.03.24 06:04:59.931,0.91673,0.91699,2.32,1.00
2015.03.24 06:05:00.183,0.91673,0.91702,3.07,1.00
2015.03.24 06:05:00.637,0.91675,0.91704,2.40,1.10
2015.03.24 06:05:01.040,0.91675,0.91703,1.15,1.57
2015.03.24 06:05:01.345,0.91671,0.91698,1.15,1.00
2015.03.24 06:05:01.597,0.91671,0.91698,1.15,1.10
2015.03.24 06:05:02.637,0.91671,0.91699,3.45,1.20
2015.03.24 06:05:03.155,0.91672,0.917,1.52,1.00
2015.03.24 06:05:03.466,0.91671,0.91697,3.07,1.00
2015.03.24 06:05:03.819,0.91673,0.91701,1.27,1.50
2015.03.24 06:05:03.920,0.91675,0.91701,2.32,1.50
2015.03.24 06:05:04.071,0.91675,0.91704,3.45,1.87
2015.03.24 06:05:04.122,0.91678,0.91704,2.32,1.12
2015.03.24 06:05:04.444,0.91678,0.91706,2.32,1.87
2015.03.24 06:05:05.028,0.91678,0.91707,2.32,1.50
2015.03.24 06:05:05.179,0.91677,0.91707,1.65,1.65
2015.03.24 06:05:05.431,0.91677,0.91705,1.15,1.50
2015.03.24 06:05:05.582,0.91673,0.91701,1.65,1.87
2015.03.24 06:05:06.083,0.91672,0.91701,1.27,1.87
2015.03.24 06:05:06.184,0.91671,0.91699,1.52,1.00
2015.03.24 06:05:06.235,0.91673,0.917,1.27,1.00
2015.03.24 06:05:06.767,0.91672,0.91702,4.20,1.87
2015.03.24 06:05:07.478,0.91672,0.91702,4.20,1.87
2015.03.24 06:05:08.743,0.91674,0.91703,1.52,1.57
2015.03.24 06:05:09.843,0.91674,0.91703,1.27,1.95
2015.03.24 06:05:10.006,0.91674,0.91701,1.17,1.17
2015.03.24 06:05:10.634,0.91674,0.91699,1.17,1.00
2015.03.24 06:05:11.230,0.91674,0.91702,1.17,1.52
2015.03.24 06:05:11.645,0.91672,0.91698,1.55,1.07
2015.03.24 06:05:12.048,0.91675,0.91701,1.07,1.10
2015.03.24 06:05:12.149,0.91675,0.91703,1.15,1.10
2015.03.24 06:05:12.380,0.91675,0.91703,1.17,1.07
2015.03.24 06:05:12.431,0.91675,0.91703,1.10,1.15
2015.03.24 06:05:12.962,0.91676,0.91702,1.75,1.15
2015.03.24 06:05:13.381,0.91676,0.91703,1.12,1.15
2015.03.24 06:05:13.481,0.91677,0.91705,1.07,1.65
2015.03.24 06:05:13.532,0.91678,0.91705,1.10,1.15
2015.03.24 06:05:14.956,0.9168,0.91707,1.00,1.65
2015.03.24 06:05:15.516,0.91678,0.91707,1.95,1.15
2015.03.24 06:05:18.557,0.91677,0.91706,2.02,1.95
2015.03.24 06:05:18.658,0.9168,0.91706,1.10,1.95
2015.03.24 06:05:18.708,0.91682,0.91706,1.12,1.10
2015.03.24 06:05:20.315,0.9168,0.91707,1.20,1.17
2015.03.24 06:05:20.366,0.91679,0.91707,1.45,1.15
2015.03.24 06:05:20.468,0.91677,0.91703,1.47,1.17
2015.03.24 06:05:21.017,0.91675,0.91703,3.52,1.17
2015.03.24 06:05:23.630,0.91677,0.91701,1.20,1.00
2015.03.24 06:05:24.151,0.91675,0.91701,2.02,1.00
2015.03.24 06:05:24.683,0.91675,0.91705,2.77,1.15
2015.03.24 06:05:29.390,0.91677,0.91705,1.20,1.65
2015.03.24 06:05:30.454,0.9168,0.91705,1.00,2.02
2015.03.24 06:05:30.820,0.9168,0.91705,1.10,1.10
2015.03.24 06:05:31.072,0.91682,0.91707,1.00,1.27
2015.03.24 06:05:31.223,0.91683,0.9171,1.95,1.15
2015.03.24 06:05:31.743,0.91685,0.91711,1.50,1.27
2015.03.24 06:05:32.739,0.91685,0.91711,1.95,1.17
2015.03.24 06:05:32.790,0.91685,0.91711,2.02,1.10
2015.03.24 06:05:38.285,0.91686,0.9171,1.10,1.00
2015.03.24 06:05:39.615,0.91685,0.91708,1.55,1.00
2015.03.24 06:05:42.034,0.91685,0.91708,1.27,1.37
2015.03.24 06:05:42.723,0.91682,0.91707,1.65,1.00
2015.03.24 06:05:43.246,0.91684,0.91707,1.37,1.00
2015.03.24 06:05:43.448,0.91683,0.91707,1.95,1.12
2015.03.24 06:05:43.801,0.91681,0.91706,1.57,1.07
2015.03.24 06:05:43.852,0.91681,0.91706,1.37,2.02
2015.03.24 06:05:44.575,0.91678,0.91704,2.40,1.20
2015.03.24 06:05:45.302,0.91678,0.91704,2.40,1.10
2015.03.24 06:05:45.814,0.91678,0.91704,2.40,1.10
2015.03.24 06:05:48.078,0.91678,0.91704,2.02,1.10
2015.03.24 06:05:48.330,0.91677,0.91701,1.65,1.00
2015.03.24 06:05:48.380,0.91677,0.91701,1.52,1.12
2015.03.24 06:05:48.733,0.91674,0.917,1.85,1.57
2015.03.24 06:05:48.834,0.91674,0.917,1.37,1.65
2015.03.24 06:05:48.935,0.91672,0.91699,1.10,1.52
2015.03.24 06:05:49.036,0.91671,0.91694,1.27,1.00
2015.03.24 06:05:49.527,0.91666,0.91693,1.65,1.57
2015.03.24 06:05:50.044,0.91666,0.91692,1.65,1.00
2015.03.24 06:05:51.275,0.91669,0.91692,1.00,1.00
2015.03.24 06:05:51.782,0.91667,0.91692,1.17,1.00
2015.03.24 06:05:54.248,0.91669,0.91692,1.00,1.00
2015.03.24 06:05:54.945,0.91667,0.91692,1.17,1.00
2015.03.24 06:05:54.996,0.91669,0.91692,1.07,1.00
2015.03.24 06:05:55.097,0.91669,0.91695,1.65,1.00
2015.03.24 06:05:55.148,0.91671,0.91695,1.55,1.50
2015.03.24 06:05:55.249,0.91676,0.91698,1.20,1.00
2015.03.24 06:05:55.300,0.91676,0.917,1.95,1.00
2015.03.24 06:05:55.452,0.91679,0.91702,1.20,1.00
2015.03.24 06:05:55.654,0.9168,0.91704,1.00,1.10
2015.03.24 06:05:56.155,0.9168,0.91704,1.87,1.10
2015.03.24 06:05:56.356,0.91684,0.91707,1.00,1.15
2015.03.24 06:05:58.368,0.91684,0.91708,1.00,1.65
2015.03.24 06:05:58.645,0.91684,0.91708,1.00,2.40
2015.03.24 06:05:59.174,0.91684,0.91705,1.00,1.00
2015.03.24 06:05:59.384,0.91684,0.91708,1.00,2.77
2015.03.24 06:05:59.971,0.91681,0.91706,1.17,1.00
2015.03.24 06:06:00.223,0.9168,0.91706,1.57,2.32
2015.03.24 06:06:00.425,0.91679,0.91702,1.12,1.10
2015.03.24 06:06:00.526,0.91681,0.91704,1.00,1.15
2015.03.24 06:06:01.893,0.91681,0.91705,1.00,1.65
2015.03.24 06:06:01.994,0.91681,0.91705,1.00,2.32
2015.03.24 06:06:02.044,0.91681,0.91703,1.00,1.00
2015.03.24 06:06:02.629,0.91682,0.91705,1.00,1.10
2015.03.24 06:06:05.643,0.91682,0.91704,1.00,1.00
2015.03.24 06:06:06.952,0.91682,0.91706,1.00,2.40
2015.03.24 06:06:09.945,0.91682,0.91704,1.00,1.00
2015.03.24 06:06:10.400,0.91682,0.91702,1.00,1.00
2015.03.24 06:06:10.551,0.91679,0.91702,1.50,1.10
2015.03.24 06:06:10.837,0.91676,0.917,2.02,1.00
2015.03.24 06:06:11.342,0.91676,0.91699,1.00,1.47
2015.03.24 06:06:11.393,0.91673,0.91697,1.07,1.00
2015.03.24 06:06:11.897,0.91673,0.91696,1.00,1.10
2015.03.24 06:06:11.948,0.9167,0.91695,1.17,1.00
2015.03.24 06:06:13.604,0.91674,0.91696,1.00,1.57
2015.03.24 06:06:16.535,0.91674,0.91693,1.00,1.07
2015.03.24 06:06:16.586,0.91668,0.91693,1.00,1.27
2015.03.24 06:06:16.838,0.91667,0.91691,1.00,1.57
2015.03.24 06:06:16.889,0.91664,0.91688,2.70,1.00
2015.03.24 06:06:16.995,0.91668,0.9169,1.00,1.17
2015.03.24 06:06:17.513,0.91666,0.9169,2.02,1.00
2015.03.24 06:06:17.836,0.9167,0.91694,1.00,1.65
2015.03.24 06:06:27.780,0.91668,0.91692,1.00,1.95
2015.03.24 06:06:27.881,0.91668,0.9169,1.00,1.00
2015.03.24 06:06:28.133,0.91664,0.91687,1.12,1.00
2015.03.24 06:06:28.183,0.91664,0.91687,1.00,1.07
2015.03.24 06:06:28.705,0.91664,0.91684,1.50,1.00
2015.03.24 06:06:29.229,0.91664,0.91687,1.00,1.52
2015.03.24 06:06:29.813,0.91664,0.91687,1.00,1.37
2015.03.24 06:06:30.313,0.91668,0.91689,1.00,2.02
2015.03.24 06:06:30.863,0.91668,0.91691,1.00,1.27
2015.03.24 06:06:31.023,0.91668,0.91691,1.00,1.27
2015.03.24 06:06:38.980,0.91668,0.91692,1.10,1.07
2015.03.24 06:06:39.485,0.91668,0.91692,1.57,1.00
2015.03.24 06:06:41.823,0.91669,0.91692,1.00,1.00
2015.03.24 06:06:41.975,0.91672,0.91696,1.10,1.00
2015.03.24 06:06:42.126,0.91674,0.91698,1.00,1.17
2015.03.24 06:06:42.635,0.91678,0.91699,1.00,1.00
2015.03.24 06:06:43.305,0.91674,0.91698,1.17,1.00
2015.03.24 06:06:43.406,0.91671,0.91696,1.17,1.50
2015.03.24 06:06:43.457,0.91671,0.91696,1.07,1.95
2015.03.24 06:06:43.507,0.91668,0.91692,1.65,1.00
2015.03.24 06:06:43.608,0.91668,0.9169,1.17,1.00
2015.03.24 06:06:44.132,0.91668,0.91692,1.17,2.25
2015.03.24 06:06:46.851,0.91668,0.91692,1.27,1.00
2015.03.24 06:06:46.952,0.91671,0.91694,1.15,1.00
2015.03.24 06:06:47.474,0.91672,0.91695,1.17,1.00
2015.03.24 06:06:47.653,0.91672,0.91693,1.17,1.00
2015.03.24 06:06:47.972,0.91672,0.91691,1.17,1.00
2015.03.24 06:06:48.518,0.91672,0.91692,1.17,1.00
2015.03.24 06:06:49.888,0.91672,0.91696,1.17,2.25
2015.03.24 06:06:50.453,0.91672,0.91695,1.17,1.00
2015.03.24 06:06:50.862,0.91672,0.91693,1.00,1.00
2015.03.24 06:06:50.912,0.9167,0.91693,1.00,1.00
2015.03.24 06:06:51.064,0.9167,0.91689,1.00,1.00
2015.03.24 06:06:51.207,0.91665,0.91688,1.17,1.00
2015.03.24 06:06:53.172,0.91665,0.91689,1.27,1.50
2015.03.24 06:06:56.590,0.91665,0.91688,1.17,1.00
2015.03.24 06:06:57.783,0.91665,0.91689,1.55,2.25
2015.03.24 06:06:57.884,0.91665,0.91686,1.55,1.00
2015.03.24 06:06:58.420,0.91665,0.91687,1.55,1.00
2015.03.24 06:06:59.031,0.91662,0.91686,2.02,1.00
2015.03.24 06:07:01.600,0.9167,0.91686,1.12,1.50
2015.03.24 06:07:01.802,0.91673,0.91696,1.37,1.17
2015.03.24 06:07:02.218,0.91677,0.91701,1.00,1.15
2015.03.24 06:07:02.337,0.91677,0.91701,1.10,1.00
2015.03.24 06:07:02.488,0.91677,0.91701,1.15,1.00
2015.03.24 06:07:02.690,0.9168,0.91704,1.57,1.00
2015.03.24 06:07:02.892,0.91682,0.91706,1.00,1.65
2015.03.24 06:07:04.380,0.91682,0.91706,1.65,1.50
2015.03.24 06:07:04.897,0.91682,0.91705,1.65,1.00
2015.03.24 06:07:05.561,0.91682,0.91706,1.65,1.50
2015.03.24 06:07:06.572,0.91684,0.91706,1.00,1.00
2015.03.24 06:07:07.075,0.91685,0.91706,1.00,1.00
2015.03.24 06:07:07.932,0.91685,0.91709,1.00,1.17
2015.03.24 06:07:08.033,0.91685,0.9171,1.20,1.50
2015.03.24 06:07:08.550,0.91684,0.91709,1.27,1.00
2015.03.24 06:07:11.729,0.91684,0.91709,2.02,1.00
2015.03.24 06:07:11.780,0.91687,0.91711,1.12,1.00
2015.03.24 06:07:11.831,0.91687,0.91711,1.52,1.00
2015.03.24 06:07:11.932,0.9169,0.91714,1.00,1.10
2015.03.24 06:07:12.436,0.9169,0.91713,1.00,1.00
2015.03.24 06:07:14.226,0.9169,0.91713,1.15,1.00
2015.03.24 06:07:20.271,0.91692,0.91714,1.10,1.00
2015.03.24 06:07:20.322,0.91692,0.91716,1.10,1.50
2015.03.24 06:07:21.116,0.91691,0.91715,1.55,1.00
2015.03.24 06:07:21.735,0.91693,0.91716,1.00,1.00
2015.03.24 06:07:21.836,0.91693,0.91717,1.15,1.00
2015.03.24 06:07:22.342,0.91693,0.91718,1.15,1.00
2015.03.24 06:07:22.856,0.91693,0.91717,1.15,1.00
2015.03.24 06:07:23.172,0.91693,0.91719,1.15,1.00
2015.03.24 06:07:23.323,0.91695,0.91721,1.15,1.87
2015.03.24 06:07:23.475,0.917,0.91724,1.00,1.10
2015.03.24 06:07:23.576,0.917,0.91721,1.00,1.00
2015.03.24 06:07:23.677,0.917,0.91727,1.00,1.52
2015.03.24 06:07:24.281,0.917,0.91724,1.37,1.10
2015.03.24 06:07:24.446,0.917,0.91728,1.27,2.62
2015.03.24 06:07:24.966,0.91702,0.91725,1.15,1.00
2015.03.24 06:07:25.067,0.91702,0.91724,1.00,1.00
2015.03.24 06:07:25.276,0.917,0.91727,1.17,1.65
2015.03.24 06:07:26.123,0.91701,0.91725,1.10,1.00
2015.03.24 06:07:26.174,0.91699,0.91722,1.15,1.00
2015.03.24 06:07:26.225,0.91699,0.91722,1.00,1.10
2015.03.24 06:07:26.427,0.91694,0.91722,1.15,1.65
2015.03.24 06:07:26.528,0.91697,0.91724,3.07,1.00
2015.03.24 06:07:27.032,0.917,0.91722,1.15,1.00
2015.03.24 06:07:27.133,0.917,0.91722,1.10,1.00
2015.03.24 06:07:27.975,0.91694,0.91722,1.52,1.10
2015.03.24 06:07:28.342,0.91694,0.9172,1.52,1.00
2015.03.24 06:07:28.670,0.91695,0.91721,1.52,1.00
2015.03.24 06:07:29.174,0.91697,0.91722,1.27,1.00
2015.03.24 06:07:29.717,0.91696,0.91723,1.52,1.00
2015.03.24 06:07:30.221,0.91697,0.91722,1.27,1.00
2015.03.24 06:07:30.542,0.91697,0.91724,1.27,1.00
2015.03.24 06:07:30.693,0.91696,0.91721,2.02,1.00
2015.03.24 06:07:30.963,0.91704,0.91727,1.10,1.00
2015.03.24 06:07:31.531,0.91704,0.91728,1.10,1.12
2015.03.24 06:07:32.251,0.91705,0.91728,1.00,1.12
2015.03.24 06:07:33.724,0.91705,0.9173,1.00,1.27
2015.03.24 06:07:35.117,0.91703,0.91725,1.27,1.00
2015.03.24 06:07:35.218,0.91695,0.91722,1.52,1.00
2015.03.24 06:07:35.269,0.91695,0.91722,1.52,1.10
2015.03.24 06:07:35.370,0.91705,0.91722,1.00,1.00
2015.03.24 06:07:35.420,0.91705,0.91729,1.00,1.15
2015.03.24 06:07:35.571,0.91703,0.91729,1.27,1.00
2015.03.24 06:07:35.622,0.91703,0.91727,1.27,1.00
2015.03.24 06:07:35.723,0.91697,0.91725,2.02,1.00
2015.03.24 06:07:35.773,0.91705,0.91723,1.00,1.00
2015.03.24 06:07:35.874,0.91705,0.91728,1.10,1.00
2015.03.24 06:07:36.177,0.91705,0.91727,1.00,1.17
2015.03.24 06:07:36.328,0.917,0.91726,1.10,1.07
2015.03.24 06:07:36.429,0.917,0.91721,1.10,1.00
2015.03.24 06:07:36.480,0.91696,0.91721,1.15,1.00
2015.03.24 06:07:36.581,0.91705,0.9172,1.00,1.00
2015.03.24 06:07:36.631,0.91705,0.91726,1.00,1.65
2015.03.24 06:07:36.783,0.91705,0.91727,1.00,1.17
2015.03.24 06:07:36.833,0.91705,0.91724,1.00,1.00
2015.03.24 06:07:36.884,0.91698,0.91722,1.07,1.00
2015.03.24 06:07:36.985,0.91695,0.91719,1.07,1.00
2015.03.24 06:07:37.086,0.91695,0.91718,1.10,1.00
2015.03.24 06:07:37.136,0.917,0.91718,1.00,1.00
2015.03.24 06:07:37.187,0.917,0.91721,1.00,1.07
2015.03.24 06:07:37.347,0.91705,0.91721,1.00,1.10
2015.03.24 06:07:37.564,0.917,0.91725,1.00,1.15
2015.03.24 06:07:37.884,0.917,0.91726,1.00,1.15
2015.03.24 06:07:38.348,0.91705,0.91727,1.00,1.15
2015.03.24 06:07:40.876,0.91705,0.91727,1.00,1.55
2015.03.24 06:07:41.413,0.91705,0.91727,1.00,1.47
2015.03.24 06:07:41.752,0.91698,0.91715,1.00,1.00
2015.03.24 06:07:41.853,0.91687,0.91715,1.90,1.00
2015.03.24 06:07:41.904,0.91687,0.91715,1.52,1.12
2015.03.24 06:07:42.980,0.91688,0.91715,1.90,1.00
2015.03.24 06:07:43.383,0.91689,0.91716,3.07,1.00
2015.03.24 06:07:43.596,0.91692,0.91719,1.90,1.00
2015.03.24 06:07:44.104,0.91696,0.91716,1.37,1.00
2015.03.24 06:07:44.359,0.91693,0.9172,1.65,1.10
2015.03.24 06:07:44.409,0.91693,0.9172,1.90,1.10
2015.03.24 06:07:45.225,0.91698,0.91721,1.47,1.00
2015.03.24 06:07:45.735,0.91698,0.91721,1.47,1.00
2015.03.24 06:07:46.096,0.91698,0.91721,1.47,1.00
2015.03.24 06:07:46.348,0.91698,0.91719,1.10,1.00
2015.03.24 06:07:46.449,0.91693,0.91718,1.52,1.12
2015.03.24 06:07:46.550,0.91689,0.91718,3.82,1.00
2015.03.24 06:07:46.853,0.9169,0.91718,1.90,1.00
2015.03.24 06:07:47.054,0.91692,0.91718,1.90,1.00
2015.03.24 06:07:47.206,0.91692,0.9172,2.40,1.95
2015.03.24 06:07:47.358,0.91698,0.9172,1.37,1.10
2015.03.24 06:07:48.152,0.91698,0.91721,1.37,1.17
2015.03.24 06:07:49.423,0.91696,0.9172,1.37,1.10
2015.03.24 06:07:49.524,0.91696,0.9172,1.37,1.20
2015.03.24 06:07:49.737,0.91696,0.9172,1.00,1.47
2015.03.24 06:07:49.789,0.91693,0.91717,1.45,1.10
2015.03.24 06:07:50.097,0.91697,0.91721,1.37,1.17
2015.03.24 06:07:50.400,0.91697,0.91722,2.40,1.50
2015.03.24 06:07:50.929,0.91697,0.91721,1.65,1.00
2015.03.24 06:07:51.589,0.91699,0.91722,1.37,1.00
2015.03.24 06:07:52.548,0.91699,0.91722,1.37,1.00
2015.03.24 06:07:53.066,0.91697,0.91722,2.40,1.00
2015.03.24 06:07:53.590,0.91697,0.91722,3.15,1.00
2015.03.24 06:07:54.101,0.917,0.91724,1.37,1.17
2015.03.24 06:07:54.505,0.91697,0.91721,1.55,1.00
2015.03.24 06:07:55.082,0.91697,0.91721,1.55,1.00
2015.03.24 06:07:55.585,0.91697,0.9172,1.37,1.00
2015.03.24 06:07:55.888,0.91694,0.91718,1.55,1.00
2015.03.24 06:07:56.190,0.91698,0.9172,1.37,1.15
2015.03.24 06:07:56.291,0.91698,0.9172,1.37,1.15
2015.03.24 06:07:56.392,0.91698,0.9172,1.37,1.00
2015.03.24 06:07:56.900,0.91698,0.9172,1.37,1.00
2015.03.24 06:07:57.665,0.91698,0.91721,1.37,1.00
2015.03.24 06:07:58.182,0.91698,0.91722,1.37,1.57
2015.03.24 06:07:58.614,0.91698,0.9172,1.37,1.00
2015.03.24 06:07:58.766,0.91698,0.91722,1.37,1.57
2015.03.24 06:07:58.867,0.91698,0.91721,1.37,1.00
2015.03.24 06:07:59.018,0.91703,0.91721,1.37,1.50
2015.03.24 06:07:59.170,0.91706,0.9173,1.37,1.15
2015.03.24 06:07:59.221,0.91706,0.9173,1.10,1.00
2015.03.24 06:07:59.374,0.91703,0.91727,1.15,1.00
2015.03.24 06:07:59.592,0.91706,0.9173,1.10,1.50
2015.03.24 06:08:00.116,0.9171,0.91732,1.00,1.17
2015.03.24 06:08:00.924,0.91707,0.91731,1.12,1.47
2015.03.24 06:08:01.340,0.91706,0.9173,1.57,1.50
2015.03.24 06:08:01.860,0.9171,0.91732,1.37,1.17
2015.03.24 06:08:02.377,0.91707,0.91731,1.37,1.57
2015.03.24 06:08:02.530,0.91707,0.91731,1.00,1.57
2015.03.24 06:08:03.034,0.91707,0.91729,1.00,1.00
2015.03.24 06:08:03.551,0.91705,0.91729,1.17,1.00
2015.03.24 06:08:05.990,0.91705,0.91728,1.17,1.00
2015.03.24 06:08:06.469,0.91705,0.91725,1.17,1.00
2015.03.24 06:08:06.777,0.91704,0.91725,1.12,1.15
2015.03.24 06:08:08.083,0.91704,0.91721,1.00,1.00
2015.03.24 06:08:08.184,0.91699,0.91721,1.00,1.15
2015.03.24 06:08:08.386,0.91697,0.9172,1.10,1.00
2015.03.24 06:08:08.436,0.91697,0.9172,1.00,1.15
2015.03.24 06:08:08.738,0.917,0.91719,1.00,1.00
2015.03.24 06:08:09.040,0.91698,0.91719,1.00,1.00
2015.03.24 06:08:10.282,0.91698,0.91721,1.00,1.10
2015.03.24 06:08:11.329,0.91698,0.91723,1.20,1.57
2015.03.24 06:08:13.288,0.91698,0.91721,1.20,1.00
2015.03.24 06:08:14.459,0.91698,0.91721,1.12,1.10
2015.03.24 06:08:17.371,0.91698,0.9172,1.12,1.00
2015.03.24 06:08:20.170,0.91698,0.9172,1.00,1.15
2015.03.24 06:08:21.135,0.91698,0.9172,1.00,1.15
2015.03.24 06:08:21.794,0.91696,0.9172,1.00,1.15
2015.03.24 06:08:21.895,0.91698,0.91721,1.00,2.32
2015.03.24 06:08:22.247,0.91695,0.91719,1.00,1.15
2015.03.24 06:08:22.833,0.91696,0.9172,1.00,1.65
2015.03.24 06:08:22.985,0.91698,0.9172,1.00,1.15
2015.03.24 06:08:23.248,0.91694,0.9172,1.00,2.02
2015.03.24 06:08:23.299,0.91694,0.91717,1.00,1.65
2015.03.24 06:08:23.349,0.91691,0.91711,1.00,1.00
2015.03.24 06:08:23.400,0.9169,0.91711,1.00,1.15
2015.03.24 06:08:23.501,0.91684,0.91708,1.00,1.15
2015.03.24 06:08:23.552,0.91682,0.91706,1.00,1.15
2015.03.24 06:08:23.895,0.91679,0.91704,1.47,1.10
2015.03.24 06:08:23.997,0.91682,0.91705,1.00,1.17
2015.03.24 06:08:26.867,0.91682,0.91706,1.00,1.65
2015.03.24 06:08:33.093,0.91682,0.91705,1.00,1.15
2015.03.24 06:08:33.143,0.91682,0.91705,1.00,1.17
2015.03.24 06:08:33.345,0.91682,0.91706,1.65,1.00
2015.03.24 06:08:33.547,0.91685,0.91709,1.00,1.17
2015.03.24 06:08:33.850,0.91685,0.91709,1.00,1.27
2015.03.24 06:08:34.398,0.91684,0.91708,1.00,1.65
2015.03.24 06:08:36.414,0.91684,0.91706,1.00,1.10
2015.03.24 06:08:36.717,0.91685,0.91709,1.27,1.00
2015.03.24 06:08:36.918,0.91685,0.91711,1.15,1.00
2015.03.24 06:08:37.069,0.9169,0.9171,1.00,1.00
2015.03.24 06:08:37.170,0.9169,0.91714,1.50,1.15
2015.03.24 06:08:37.596,0.91688,0.91709,1.00,1.00
2015.03.24 06:08:37.647,0.91686,0.91709,1.00,1.17
2015.03.24 06:08:38.177,0.91687,0.91708,1.00,1.10
2015.03.24 06:08:38.491,0.91687,0.9171,1.00,1.00
2015.03.24 06:08:38.963,0.91687,0.91709,1.00,1.37
2015.03.24 06:08:39.151,0.91687,0.9171,1.37,1.12
2015.03.24 06:08:39.352,0.9169,0.91713,1.00,1.37
2015.03.24 06:08:39.504,0.91694,0.91714,1.00,1.47
2015.03.24 06:08:39.605,0.91691,0.91715,1.00,1.55
2015.03.24 06:08:39.706,0.91696,0.91716,1.00,1.52
2015.03.24 06:08:39.908,0.91696,0.91718,1.00,1.17
2015.03.24 06:08:40.561,0.91696,0.91719,1.00,1.65
2015.03.24 06:08:40.662,0.91696,0.91719,1.00,1.52
2015.03.24 06:08:40.878,0.91696,0.9172,1.00,2.40
2015.03.24 06:08:40.929,0.91694,0.91718,1.00,1.65
2015.03.24 06:08:41.030,0.91691,0.91715,1.17,1.00
2015.03.24 06:08:41.181,0.91689,0.91713,1.10,1.00
2015.03.24 06:08:41.383,0.91694,0.91715,1.00,1.17
2015.03.24 06:08:41.585,0.91688,0.91712,1.17,1.00
2015.03.24 06:08:41.636,0.91688,0.91709,1.17,1.00
2015.03.24 06:08:41.686,0.91686,0.91709,1.10,1.00
2015.03.24 06:08:41.838,0.91683,0.91707,1.15,1.00
2015.03.24 06:08:45.100,0.91683,0.91707,1.00,2.32
2015.03.24 06:08:48.890,0.91683,0.91706,1.00,1.00
2015.03.24 06:08:50.151,0.91685,0.91706,1.00,1.00
2015.03.24 06:08:50.353,0.91685,0.91708,1.10,1.00
2015.03.24 06:08:50.605,0.91688,0.91712,1.00,2.02
2015.03.24 06:08:50.736,0.91686,0.9171,1.50,1.57
2015.03.24 06:08:51.241,0.91685,0.91709,1.10,2.62
2015.03.24 06:08:51.442,0.91685,0.91707,1.10,1.00
2015.03.24 06:08:51.695,0.91683,0.91707,1.00,2.32
2015.03.24 06:08:51.946,0.91686,0.91707,1.00,1.57
2015.03.24 06:08:52.918,0.91683,0.91707,1.00,2.32
2015.03.24 06:08:53.438,0.91683,0.91706,1.00,1.00
2015.03.24 06:08:55.713,0.91683,0.91705,1.00,1.00
2015.03.24 06:08:59.234,0.91683,0.91704,1.00,1.00
2015.03.24 06:09:01.957,0.91688,0.91704,1.00,1.00
2015.03.24 06:09:02.008,0.91688,0.91707,1.00,1.50
2015.03.24 06:09:02.525,0.91688,0.91708,1.00,1.00
2015.03.24 06:09:06.191,0.91688,0.91709,1.12,1.00
2015.03.24 06:09:06.350,0.917,0.91709,1.00,1.00
2015.03.24 06:09:06.400,0.917,0.91712,1.00,1.07
2015.03.24 06:09:06.451,0.917,0.91715,1.00,1.07
2015.03.24 06:09:06.553,0.917,0.91721,1.00,1.07
2015.03.24 06:09:06.654,0.917,0.91721,1.00,1.00
2015.03.24 06:09:07.200,0.917,0.91723,1.50,1.17
2015.03.24 06:09:07.568,0.917,0.91721,1.00,1.07
2015.03.24 06:09:07.670,0.91697,0.91718,1.00,1.00
2015.03.24 06:09:07.891,0.91694,0.91718,1.10,1.87
2015.03.24 06:09:12.436,0.91694,0.91717,1.20,1.00
2015.03.24 06:09:12.983,0.91694,0.91718,1.47,1.50
2015.03.24 06:09:17.848,0.91694,0.91718,1.20,1.50
2015.03.24 06:09:22.901,0.91694,0.91718,1.95,1.50
2015.03.24 06:09:23.448,0.91698,0.91718,1.00,1.00
2015.03.24 06:09:24.541,0.91698,0.91719,1.00,1.10
2015.03.24 06:09:25.955,0.91698,0.91722,1.12,1.57
2015.03.24 06:09:26.371,0.91701,0.91722,1.00,1.10
2015.03.24 06:09:26.898,0.91701,0.91722,1.00,1.47
2015.03.24 06:09:27.650,0.91701,0.9172,1.00,1.00
2015.03.24 06:09:27.701,0.91698,0.9172,1.00,1.00
2015.03.24 06:09:27.802,0.917,0.91721,1.00,1.87
2015.03.24 06:09:32.000,0.917,0.9172,1.00,1.00
2015.03.24 06:09:32.739,0.917,0.9172,1.00,1.07
2015.03.24 06:09:33.065,0.91693,0.91717,1.10,1.20
2015.03.24 06:09:33.116,0.91693,0.91717,1.00,2.02
2015.03.24 06:09:33.166,0.91691,0.91715,1.00,1.15
2015.03.24 06:09:33.679,0.91692,0.91713,1.00,1.20
2015.03.24 06:09:35.150,0.91685,0.91708,1.50,1.37
2015.03.24 06:09:35.251,0.91684,0.91708,1.50,1.45
2015.03.24 06:09:35.302,0.91682,0.91705,1.00,1.20
2015.03.24 06:09:35.353,0.91682,0.91705,1.00,1.07
2015.03.24 06:09:35.694,0.91684,0.91705,1.00,1.65
2015.03.24 06:09:40.348,0.91684,0.91706,1.00,1.15
2015.03.24 06:09:40.398,0.91684,0.91706,1.00,1.17
2015.03.24 06:09:42.966,0.91684,0.91704,1.00,1.00
2015.03.24 06:09:43.512,0.91684,0.91705,1.00,1.20
2015.03.24 06:09:43.764,0.9168,0.91704,1.10,1.00
2015.03.24 06:09:43.865,0.91684,0.91706,1.00,1.55
2015.03.24 06:09:45.285,0.9168,0.91704,1.57,1.00
2015.03.24 06:09:46.935,0.91682,0.91707,1.00,2.02
2015.03.24 06:09:54.735,0.91682,0.91707,1.00,1.52
2015.03.24 06:09:55.037,0.91681,0.91705,1.00,2.77
2015.03.24 06:09:56.710,0.91681,0.91702,1.00,2.02
2015.03.24 06:10:02.136,0.9168,0.91702,1.00,2.02
2015.03.24 06:10:04.432,0.9168,0.91702,1.00,1.10
2015.03.24 06:10:05.055,0.91681,0.91702,1.00,1.10
2015.03.24 06:10:05.407,0.91682,0.91705,1.00,1.12
2015.03.24 06:10:05.508,0.91684,0.91705,1.00,1.12
2015.03.24 06:10:05.810,0.91686,0.91711,1.20,1.00
2015.03.24 06:10:06.485,0.91686,0.91712,1.57,1.10
2015.03.24 06:10:06.744,0.91691,0.91713,1.00,1.65
2015.03.24 06:10:09.514,0.91691,0.91714,1.12,1.10
2015.03.24 06:10:09.716,0.91693,0.91714,1.00,1.00
2015.03.24 06:10:10.018,0.91693,0.91716,1.12,1.00
2015.03.24 06:10:13.244,0.91693,0.91717,1.00,1.57
2015.03.24 06:10:21.986,0.91693,0.91717,1.00,1.95
2015.03.24 06:10:24.710,0.91693,0.91717,1.00,1.95
2015.03.24 06:10:25.319,0.91693,0.91717,1.00,1.95
2015.03.24 06:10:25.870,0.91693,0.91717,1.00,2.70
2015.03.24 06:10:28.633,0.91693,0.91715,1.00,1.95
2015.03.24 06:10:28.734,0.91691,0.91712,1.00,1.00
2015.03.24 06:10:29.043,0.91691,0.91709,1.00,1.00
2015.03.24 06:10:29.194,0.91686,0.91709,1.12,1.00
2015.03.24 06:10:29.709,0.91686,0.9171,1.00,1.10
2015.03.24 06:10:36.213,0.91686,0.9171,1.00,2.70
2015.03.24 06:10:36.517,0.91686,0.91704,1.00,1.00
2015.03.24 06:10:37.050,0.91686,0.91707,1.00,2.02
2015.03.24 06:10:37.201,0.91683,0.91705,1.00,1.65
2015.03.24 06:10:37.724,0.91682,0.91704,1.50,1.00
2015.03.24 06:10:39.928,0.91682,0.91703,1.50,1.00
2015.03.24 06:10:40.281,0.91682,0.91703,1.00,1.27
2015.03.24 06:10:40.693,0.9168,0.91701,1.00,1.00
2015.03.24 06:10:41.052,0.91682,0.91701,1.00,1.00
2015.03.24 06:10:41.681,0.91681,0.91701,1.00,1.00
2015.03.24 06:10:43.017,0.91681,0.91701,1.00,1.15
2015.03.24 06:10:43.996,0.9168,0.91701,1.00,1.15
2015.03.24 06:10:44.799,0.91681,0.91701,1.00,1.15
2015.03.24 06:10:45.343,0.9168,0.91701,1.00,1.15
2015.03.24 06:10:46.612,0.91683,0.91701,1.00,1.15
2015.03.24 06:10:47.121,0.91683,0.91704,1.00,2.02
2015.03.24 06:10:47.172,0.91683,0.91704,1.00,1.15
2015.03.24 06:10:47.273,0.91681,0.91704,1.00,2.02
2015.03.24 06:10:49.901,0.91682,0.91703,1.00,1.17
2015.03.24 06:10:50.545,0.91681,0.91704,1.12,1.65
2015.03.24 06:10:50.595,0.91685,0.91704,1.00,1.57
2015.03.24 06:10:50.646,0.91685,0.91704,1.00,1.00
2015.03.24 06:10:50.948,0.91682,0.91705,1.50,1.10
2015.03.24 06:10:51.552,0.91683,0.91706,1.00,2.40
2015.03.24 06:10:53.140,0.91683,0.91704,1.00,1.00
2015.03.24 06:10:53.649,0.91683,0.91704,1.00,1.45
2015.03.24 06:10:53.801,0.9168,0.91699,1.50,1.00
2015.03.24 06:10:54.575,0.91676,0.91699,1.00,1.00
2015.03.24 06:10:55.097,0.91676,0.91699,1.50,1.07
2015.03.24 06:10:56.154,0.91676,0.91699,1.00,1.55
2015.03.24 06:10:56.255,0.91674,0.91696,1.00,1.65
2015.03.24 06:10:56.803,0.91674,0.91694,1.00,1.00
2015.03.24 06:10:57.112,0.91671,0.91694,1.00,1.00
2015.03.24 06:11:03.601,0.91671,0.91695,1.00,1.95
2015.03.24 06:11:04.161,0.91671,0.91695,1.00,2.02
2015.03.24 06:11:06.455,0.91667,0.91693,1.10,1.27
2015.03.24 06:11:06.506,0.91667,0.91693,1.10,1.55
2015.03.24 06:11:06.808,0.91665,0.91688,1.00,1.12
2015.03.24 06:11:07.221,0.91665,0.91687,1.00,1.37
2015.03.24 06:11:09.588,0.91665,0.91687,1.00,1.45
2015.03.24 06:11:09.988,0.91663,0.91687,1.00,2.70
2015.03.24 06:11:10.499,0.91663,0.91686,1.17,1.00
2015.03.24 06:11:11.017,0.91665,0.91687,1.00,1.00
2015.03.24 06:11:12.054,0.91665,0.91688,1.50,1.00
2015.03.24 06:11:12.566,0.91665,0.91689,1.50,1.57
2015.03.24 06:11:13.938,0.91669,0.9169,1.00,1.17
2015.03.24 06:11:14.039,0.91669,0.91692,1.00,1.10
2015.03.24 06:11:14.241,0.91669,0.91692,1.37,1.10
2015.03.24 06:11:14.764,0.91671,0.91693,1.47,1.00
2015.03.24 06:11:15.425,0.91671,0.91693,1.20,1.00
2015.03.24 06:11:17.453,0.91675,0.91693,1.12,1.00
2015.03.24 06:11:17.554,0.91675,0.91695,1.00,1.00
2015.03.24 06:11:17.705,0.91677,0.91702,1.00,3.00
2015.03.24 06:11:18.008,0.91674,0.91698,1.10,1.95
2015.03.24 06:11:18.549,0.91675,0.91698,1.00,1.15
2015.03.24 06:11:18.702,0.91678,0.91698,1.00,1.15
2015.03.24 06:11:18.803,0.91675,0.91698,1.00,1.15
2015.03.24 06:11:18.959,0.91675,0.91698,1.50,1.65
2015.03.24 06:11:19.262,0.91678,0.91701,1.00,1.52
2015.03.24 06:11:19.447,0.91675,0.91698,1.00,1.52
2015.03.24 06:11:20.146,0.91675,0.91698,1.00,1.90
2015.03.24 06:11:20.659,0.91675,0.91698,1.50,1.52
2015.03.24 06:11:20.760,0.91675,0.91698,1.50,1.52
2015.03.24 06:11:21.126,0.91675,0.91699,1.00,1.90
2015.03.24 06:11:21.227,0.91673,0.91697,1.00,1.92
2015.03.24 06:11:21.429,0.91673,0.91697,1.00,1.55
2015.03.24 06:11:21.731,0.91673,0.91697,1.00,1.65
2015.03.24 06:11:22.148,0.91673,0.91697,1.87,1.55
2015.03.24 06:11:22.199,0.91676,0.917,1.00,2.40
2015.03.24 06:11:22.409,0.91674,0.91695,1.00,1.20
2015.03.24 06:11:22.561,0.91673,0.91695,1.00,1.65
2015.03.24 06:11:22.993,0.91675,0.91698,1.00,2.32
2015.03.24 06:11:23.347,0.91674,0.91696,1.00,1.47
2015.03.24 06:11:23.448,0.91674,0.91696,1.00,1.10
2015.03.24 06:11:23.549,0.91674,0.91696,1.00,1.15
2015.03.24 06:11:23.953,0.91677,0.91701,1.00,1.15
2015.03.24 06:11:24.474,0.91677,0.91701,1.00,1.10
2015.03.24 06:11:24.998,0.91677,0.917,1.00,1.00
2015.03.24 06:11:25.530,0.91677,0.91699,1.00,1.00
2015.03.24 06:11:25.598,0.91677,0.91701,1.00,1.57
2015.03.24 06:11:26.381,0.91677,0.91698,1.00,1.00
2015.03.24 06:11:26.482,0.91677,0.91701,1.00,2.70
2015.03.24 06:11:28.661,0.91677,0.91701,1.00,1.95
2015.03.24 06:11:29.836,0.91677,0.91701,1.00,1.95
2015.03.24 06:11:29.887,0.91677,0.917,1.00,1.15
2015.03.24 06:11:30.189,0.91674,0.91695,1.00,1.00
2015.03.24 06:11:32.342,0.91671,0.91695,1.15,1.50
2015.03.24 06:11:32.858,0.91671,0.91694,1.15,1.00
2015.03.24 06:11:34.301,0.91671,0.91694,1.00,1.10
2015.03.24 06:11:34.504,0.91669,0.91693,1.10,1.50
2015.03.24 06:11:34.625,0.91669,0.91693,1.00,1.65
2015.03.24 06:11:34.677,0.91666,0.91691,1.95,1.10
2015.03.24 06:11:34.729,0.91666,0.91688,1.47,1.00
2015.03.24 06:11:35.050,0.91665,0.9169,1.55,1.00
2015.03.24 06:11:35.483,0.91665,0.91689,1.37,1.17
2015.03.24 06:11:37.475,0.91665,0.91689,1.37,1.17
2015.03.24 06:11:38.552,0.91665,0.91689,1.00,1.17
2015.03.24 06:11:47.716,0.91663,0.91688,2.25,1.27
2015.03.24 06:11:48.038,0.91661,0.91682,1.00,1.17
2015.03.24 06:11:48.239,0.91661,0.91683,1.00,1.00
2015.03.24 06:11:48.290,0.91661,0.91685,1.00,1.20
2015.03.24 06:11:49.038,0.91664,0.91687,1.00,1.15
2015.03.24 06:11:49.139,0.91664,0.91687,1.00,1.00
2015.03.24 06:11:49.658,0.91664,0.91688,1.00,1.57
2015.03.24 06:11:51.174,0.91664,0.91688,1.37,1.10
2015.03.24 06:11:53.678,0.91666,0.9169,1.00,1.15
2015.03.24 06:11:57.012,0.91666,0.9169,1.00,1.07
2015.03.24 06:11:57.738,0.91666,0.9169,1.00,1.00
2015.03.24 06:11:58.834,0.91668,0.9169,1.20,1.00
2015.03.24 06:11:58.935,0.91668,0.91692,1.20,1.00
2015.03.24 06:11:59.719,0.91668,0.91691,1.00,1.10
2015.03.24 06:12:07.085,0.91668,0.91689,1.00,1.00
2015.03.24 06:12:07.309,0.91665,0.91689,1.17,1.00
2015.03.24 06:12:11.269,0.91665,0.91689,1.00,1.17
2015.03.24 06:12:11.926,0.91665,0.91689,1.00,1.15
2015.03.24 06:12:12.229,0.91662,0.91685,1.00,1.27
2015.03.24 06:12:13.158,0.91662,0.91684,1.00,1.00
2015.03.24 06:12:13.738,0.91662,0.91685,1.00,1.20
2015.03.24 06:12:19.097,0.91662,0.91686,1.37,1.17
2015.03.24 06:12:23.030,0.91665,0.91687,1.00,1.07
2015.03.24 06:12:23.081,0.91665,0.91687,1.00,1.00
2015.03.24 06:12:23.132,0.91665,0.91689,1.00,1.95
2015.03.24 06:12:26.258,0.91665,0.91689,1.37,1.10
2015.03.24 06:12:26.792,0.91665,0.91689,1.00,1.10
2015.03.24 06:12:33.380,0.91665,0.91689,1.00,1.47
2015.03.24 06:12:33.481,0.91662,0.91686,1.50,1.20
2015.03.24 06:12:33.582,0.91662,0.91683,1.37,1.00
2015.03.24 06:12:33.683,0.91662,0.91686,1.00,1.10
2015.03.24 06:12:33.885,0.91662,0.91686,1.15,1.00
2015.03.24 06:12:33.986,0.91662,0.91686,1.00,1.00
2015.03.24 06:12:34.137,0.91665,0.9169,1.00,1.65
2015.03.24 06:12:34.188,0.91665,0.9169,1.10,1.57
2015.03.24 06:12:34.490,0.91668,0.91692,1.00,1.00
2015.03.24 06:12:35.784,0.91668,0.91692,1.87,1.00
2015.03.24 06:12:37.518,0.91668,0.91692,1.87,1.00
2015.03.24 06:12:39.558,0.91668,0.91692,1.37,1.00
2015.03.24 06:12:39.861,0.91675,0.91697,1.00,1.17
2015.03.24 06:12:40.378,0.91673,0.91697,1.27,1.00
2015.03.24 06:12:40.905,0.91675,0.91697,1.00,1.00
2015.03.24 06:12:46.258,0.91675,0.91697,1.00,1.87
2015.03.24 06:12:46.676,0.91671,0.91695,1.10,2.62
2015.03.24 06:12:46.878,0.91668,0.91692,1.20,1.00
2015.03.24 06:12:46.928,0.91668,0.91692,1.20,1.00
2015.03.24 06:12:50.266,0.91685,0.91692,1.00,1.00
2015.03.24 06:12:50.317,0.91685,0.91695,1.00,1.00
2015.03.24 06:12:50.418,0.9168,0.91705,1.00,1.27
2015.03.24 06:12:50.619,0.91684,0.91705,1.00,1.27
2015.03.24 06:12:51.404,0.91681,0.91702,1.00,1.15
2015.03.24 06:12:51.619,0.91678,0.91702,1.87,1.15
2015.03.24 06:12:51.720,0.91678,0.91702,1.12,1.57
2015.03.24 06:12:51.972,0.91678,0.917,1.00,1.00
2015.03.24 06:12:52.489,0.91678,0.91699,1.00,1.00
2015.03.24 06:12:53.697,0.91678,0.917,1.12,1.00
2015.03.24 06:12:56.428,0.91678,0.917,1.20,1.00
2015.03.24 06:12:56.478,0.91678,0.91702,1.20,1.50
2015.03.24 06:12:56.905,0.91683,0.91706,1.00,1.17
2015.03.24 06:12:57.290,0.91683,0.91707,1.10,1.12
2015.03.24 06:12:57.340,0.91683,0.91705,1.10,1.00
2015.03.24 06:12:57.441,0.91683,0.91707,1.10,1.00
2015.03.24 06:13:01.524,0.9169,0.91711,1.00,1.00
2015.03.24 06:13:01.826,0.91695,0.91714,1.00,1.27
2015.03.24 06:13:02.028,0.9169,0.91714,1.50,1.27
2015.03.24 06:13:02.280,0.9169,0.91711,1.00,1.00
2015.03.24 06:13:02.582,0.91687,0.9171,1.17,1.37
2015.03.24 06:13:03.092,0.91687,0.9171,1.17,1.12
2015.03.24 06:13:04.693,0.91687,0.91708,1.17,1.00
2015.03.24 06:13:05.695,0.91687,0.91709,1.17,1.00
2015.03.24 06:13:07.336,0.91687,0.91709,1.00,1.00
2015.03.24 06:13:07.843,0.91687,0.91708,1.00,1.00
2015.03.24 06:13:09.540,0.91687,0.91708,1.37,1.00
2015.03.24 06:13:09.793,0.91686,0.91708,1.87,1.00
2015.03.24 06:13:09.925,0.91686,0.91708,1.37,1.00
2015.03.24 06:13:10.150,0.91686,0.91708,1.12,1.00
2015.03.24 06:13:11.141,0.91686,0.91708,1.37,1.00
2015.03.24 06:13:12.098,0.91686,0.91707,1.87,1.00
2015.03.24 06:13:12.628,0.91686,0.9171,1.87,1.65
2015.03.24 06:13:13.732,0.91685,0.91705,1.50,1.00
2015.03.24 06:13:14.833,0.91684,0.91705,1.00,1.00
2015.03.24 06:13:15.143,0.91682,0.91705,1.00,1.87
2015.03.24 06:13:15.402,0.91683,0.91702,1.00,1.50
2015.03.24 06:13:15.453,0.91679,0.91702,1.20,1.50
2015.03.24 06:13:15.553,0.91679,0.91702,1.20,1.37
2015.03.24 06:13:15.755,0.91676,0.91699,1.10,1.10
2015.03.24 06:13:15.912,0.91674,0.91698,1.10,1.50
2015.03.24 06:13:16.951,0.91673,0.91698,1.55,1.50
2015.03.24 06:13:21.577,0.91673,0.91698,1.17,1.87
2015.03.24 06:13:21.678,0.91673,0.91698,1.10,1.95
2015.03.24 06:13:22.002,0.91673,0.91694,1.00,1.00
2015.03.24 06:13:22.524,0.91673,0.91694,1.00,1.17
2015.03.24 06:13:23.987,0.91671,0.91694,1.12,1.17
2015.03.24 06:13:25.265,0.9167,0.91692,1.00,1.45
2015.03.24 06:13:25.567,0.9167,0.91686,1.00,1.17
2015.03.24 06:13:25.792,0.91665,0.91686,1.00,1.17
2015.03.24 06:13:26.699,0.91665,0.91685,1.00,1.07
2015.03.24 06:13:27.152,0.9167,0.91686,1.00,1.10
2015.03.24 06:13:27.606,0.9167,0.91685,1.00,1.07
2015.03.24 06:13:28.065,0.9167,0.91689,1.00,1.15
2015.03.24 06:13:28.910,0.9167,0.91691,1.00,1.17
2015.03.24 06:13:30.176,0.9167,0.91694,1.37,1.10
2015.03.24 06:13:30.227,0.91679,0.91694,1.00,1.10
2015.03.24 06:13:30.328,0.91675,0.91694,1.00,1.10
2015.03.24 06:13:31.088,0.9167,0.91694,1.00,1.47
2015.03.24 06:13:31.468,0.9167,0.91693,1.00,1.20
2015.03.24 06:13:31.975,0.9167,0.91691,1.00,1.57
2015.03.24 06:13:32.731,0.91675,0.91691,1.00,1.57
2015.03.24 06:13:32.782,0.91675,0.91696,1.00,1.17
2015.03.24 06:13:34.598,0.91674,0.91696,1.00,1.65
2015.03.24 06:13:36.058,0.91675,0.91696,1.00,1.27
2015.03.24 06:13:36.260,0.91675,0.91696,1.00,1.27
2015.03.24 06:13:36.462,0.9167,0.91694,1.00,2.02
2015.03.24 06:13:36.753,0.91669,0.91693,1.00,1.52
2015.03.24 06:13:37.055,0.9167,0.91689,1.00,2.02
2015.03.24 06:13:37.156,0.91665,0.91689,1.50,2.02
2015.03.24 06:13:37.870,0.91665,0.91687,1.00,2.02
2015.03.24 06:13:37.920,0.91665,0.91687,1.00,2.02
2015.03.24 06:13:38.482,0.91661,0.91685,1.50,1.52
2015.03.24 06:13:39.686,0.91662,0.91685,1.00,1.15
2015.03.24 06:13:40.089,0.91665,0.91686,1.00,1.15
2015.03.24 06:13:40.241,0.91665,0.91688,1.50,1.15
2015.03.24 06:13:40.342,0.91667,0.9169,1.00,1.27
2015.03.24 06:13:40.544,0.91667,0.91689,1.00,1.20
2015.03.24 06:13:40.645,0.91667,0.91689,1.00,1.95
2015.03.24 06:13:40.696,0.91664,0.91688,1.10,1.87
2015.03.24 06:13:41.200,0.91664,0.91688,1.00,1.27
2015.03.24 06:13:45.189,0.91662,0.91686,1.00,1.55
2015.03.24 06:13:45.491,0.91659,0.91682,1.00,1.52
2015.03.24 06:13:45.541,0.91656,0.91682,1.50,2.02
2015.03.24 06:13:46.407,0.91657,0.91682,1.37,1.15
2015.03.24 06:13:46.558,0.91658,0.91685,1.37,2.02
2015.03.24 06:13:46.925,0.9166,0.91683,1.00,1.57
2015.03.24 06:13:46.976,0.91657,0.9168,1.50,1.20
2015.03.24 06:13:47.077,0.91655,0.91679,1.00,1.10
2015.03.24 06:13:47.178,0.9165,0.91677,1.15,1.00
2015.03.24 06:13:47.279,0.9165,0.91675,1.17,1.00
2015.03.24 06:13:48.069,0.9165,0.91674,1.17,1.00
2015.03.24 06:13:49.169,0.9165,0.91675,2.02,1.00
2015.03.24 06:13:50.043,0.9165,0.91677,2.02,1.27
2015.03.24 06:13:51.742,0.91652,0.91677,1.00,1.27
2015.03.24 06:13:52.145,0.91653,0.91678,1.27,1.00
2015.03.24 06:13:53.437,0.91654,0.91677,1.20,1.00
2015.03.24 06:13:53.689,0.91654,0.91679,1.20,1.10
2015.03.24 06:13:54.225,0.91654,0.91679,1.47,1.10
2015.03.24 06:13:55.533,0.91654,0.91679,1.27,1.10
2015.03.24 06:13:55.785,0.91655,0.91682,1.15,1.95
2015.03.24 06:13:56.617,0.91654,0.9168,1.52,1.00
2015.03.24 06:13:57.136,0.91654,0.91682,1.52,1.95
2015.03.24 06:13:57.725,0.91654,0.9168,1.27,1.12
2015.03.24 06:14:00.610,0.91654,0.9168,1.20,1.27
2015.03.24 06:14:04.227,0.91651,0.91677,2.02,1.00
2015.03.24 06:14:10.118,0.91656,0.91677,1.20,1.00
2015.03.24 06:14:10.521,0.91657,0.91679,1.10,1.00
2015.03.24 06:14:12.576,0.91656,0.9168,2.02,1.50
2015.03.24 06:14:13.550,0.91659,0.9168,1.00,1.00
2015.03.24 06:14:14.237,0.91656,0.91678,1.10,1.00
2015.03.24 06:14:14.769,0.91656,0.91677,1.00,1.00
2015.03.24 06:14:15.361,0.91656,0.91678,1.00,1.00
2015.03.24 06:14:15.922,0.91656,0.91677,1.00,1.00
2015.03.24 06:14:21.935,0.91656,0.91676,1.00,1.00
2015.03.24 06:14:22.338,0.91659,0.91677,1.00,1.00
2015.03.24 06:14:22.389,0.91659,0.91681,1.00,1.45
2015.03.24 06:14:22.439,0.91659,0.91681,1.37,1.00
2015.03.24 06:14:22.540,0.91662,0.91686,1.12,1.10
2015.03.24 06:14:22.792,0.91665,0.91689,1.00,1.65
2015.03.24 06:14:23.145,0.91668,0.91692,1.37,1.65
2015.03.24 06:14:23.246,0.91671,0.91695,1.00,1.15
2015.03.24 06:14:23.347,0.91671,0.91695,1.00,1.10
2015.03.24 06:14:23.751,0.91671,0.91694,1.00,1.45
2015.03.24 06:14:24.284,0.9167,0.91692,1.50,1.20
2015.03.24 06:14:24.586,0.9167,0.91689,1.00,1.00
2015.03.24 06:14:25.137,0.9167,0.91689,1.00,1.17
2015.03.24 06:14:26.329,0.91668,0.91689,1.00,1.17
2015.03.24 06:14:26.430,0.91666,0.91689,1.00,1.17
2015.03.24 06:14:27.022,0.91665,0.91689,2.25,1.17
2015.03.24 06:14:28.006,0.91666,0.91689,1.10,1.00
2015.03.24 06:14:28.526,0.91667,0.91689,1.00,1.00
2015.03.24 06:14:30.078,0.91668,0.91689,1.00,1.00
2015.03.24 06:14:31.417,0.91664,0.91686,1.00,1.00
2015.03.24 06:14:31.927,0.91662,0.91686,1.17,1.50
2015.03.24 06:14:32.388,0.91659,0.91684,1.17,1.50
2015.03.24 06:14:32.698,0.91659,0.91684,1.65,1.00
2015.03.24 06:14:33.307,0.91659,0.91684,1.15,1.12
2015.03.24 06:14:33.408,0.91659,0.91682,1.00,1.10
2015.03.24 06:14:36.785,0.91657,0.91681,2.62,1.07
2015.03.24 06:14:36.937,0.91657,0.91681,1.57,1.00
2015.03.24 06:14:37.456,0.91656,0.91678,1.17,1.00
2015.03.24 06:14:37.558,0.91655,0.91678,1.00,1.00
2015.03.24 06:14:37.911,0.91655,0.91678,1.07,1.00
2015.03.24 06:14:38.777,0.91657,0.91681,1.57,1.00
2015.03.24 06:14:39.080,0.91655,0.91679,1.65,1.00
2015.03.24 06:14:39.533,0.91657,0.91681,1.10,1.00
2015.03.24 06:14:40.451,0.91657,0.91681,1.47,1.00
2015.03.24 06:14:40.721,0.91657,0.91681,1.45,1.00
2015.03.24 06:14:40.973,0.91659,0.91684,1.95,1.10
2015.03.24 06:14:41.024,0.91659,0.91684,1.95,1.00
2015.03.24 06:14:41.074,0.91662,0.91686,1.07,1.50
2015.03.24 06:14:42.102,0.91662,0.91684,1.00,1.00
2015.03.24 06:14:42.203,0.91657,0.91682,1.17,1.57
2015.03.24 06:14:42.254,0.91657,0.91682,1.10,1.57
2015.03.24 06:14:42.406,0.91655,0.91679,1.15,1.00
2015.03.24 06:14:42.558,0.91655,0.91679,1.00,1.10
2015.03.24 06:14:42.609,0.91655,0.91679,1.50,1.07
2015.03.24 06:14:43.586,0.91655,0.91679,1.00,1.27
2015.03.24 06:14:43.687,0.91655,0.91679,1.00,1.20
2015.03.24 06:14:43.738,0.91652,0.91676,1.17,1.00
2015.03.24 06:14:44.241,0.91654,0.9168,1.00,1.17
2015.03.24 06:14:44.393,0.91655,0.9168,1.07,1.10
2015.03.24 06:14:44.695,0.91662,0.91686,1.00,1.10
2015.03.24 06:14:44.897,0.91662,0.91686,1.00,1.07
2015.03.24 06:14:44.948,0.9166,0.91684,1.57,1.07
2015.03.24 06:14:44.998,0.9166,0.91684,1.57,1.10
2015.03.24 06:14:45.301,0.91658,0.91683,1.10,1.10
2015.03.24 06:14:45.603,0.91656,0.9168,1.15,1.00
2015.03.24 06:14:45.705,0.91659,0.91683,1.50,1.10
2015.03.24 06:14:45.806,0.91659,0.91683,1.57,1.00
2015.03.24 06:14:46.007,0.91659,0.91683,1.00,1.10
2015.03.24 06:14:46.316,0.91659,0.91683,1.00,1.57
2015.03.24 06:14:47.390,0.91659,0.91683,1.00,1.27
2015.03.24 06:14:47.793,0.91659,0.91683,1.00,1.10
2015.03.24 06:14:48.096,0.91665,0.91683,1.00,1.00
2015.03.24 06:14:48.347,0.91665,0.91686,1.00,1.10
2015.03.24 06:14:48.549,0.91669,0.91689,1.12,1.15
2015.03.24 06:14:48.700,0.9168,0.91701,1.50,1.07
2015.03.24 06:14:48.952,0.91685,0.91701,1.00,1.15
2015.03.24 06:14:49.104,0.91685,0.91704,1.00,1.07
2015.03.24 06:14:53.952,0.91685,0.91707,1.00,1.27
2015.03.24 06:14:54.463,0.91685,0.91705,1.00,1.00
2015.03.24 06:14:54.649,0.91679,0.91702,1.00,1.00
2015.03.24 06:14:54.752,0.91678,0.917,1.00,1.10
2015.03.24 06:14:55.426,0.91677,0.917,1.00,1.20
2015.03.24 06:14:55.807,0.91677,0.917,1.00,1.47
2015.03.24 06:14:56.394,0.91677,0.91699,1.00,1.87
2015.03.24 06:14:56.747,0.9168,0.91699,1.00,1.87
2015.03.24 06:14:57.685,0.9168,0.91698,1.00,1.87
2015.03.24 06:14:57.938,0.9168,0.91699,1.00,2.02
2015.03.24 06:14:58.219,0.9168,0.91698,1.00,1.00
2015.03.24 06:14:58.370,0.9168,0.917,1.00,1.20
2015.03.24 06:14:58.888,0.9168,0.91701,1.00,1.55
2015.03.24 06:14:59.101,0.9168,0.917,1.00,1.47
2015.03.24 06:14:59.353,0.91674,0.91698,1.50,2.40
2015.03.24 06:14:59.932,0.91674,0.91696,1.00,1.52
2015.03.24 06:15:00.534,0.91674,0.91696,1.00,1.52
2015.03.24 06:15:01.925,0.91675,0.91696,1.00,2.02
2015.03.24 06:15:04.653,0.91675,0.91695,1.00,1.55
2015.03.24 06:15:06.459,0.91672,0.91695,1.00,1.55
2015.03.24 06:15:06.900,0.9167,0.91694,1.00,1.20
2015.03.24 06:15:07.647,0.9167,0.91694,1.00,1.95
2015.03.24 06:15:11.529,0.9167,0.91694,1.00,1.95
2015.03.24 06:15:12.485,0.91675,0.91694,1.00,1.95
2015.03.24 06:15:13.289,0.91672,0.91696,1.00,2.02
2015.03.24 06:15:15.817,0.91669,0.91693,1.95,1.00
2015.03.24 06:15:16.320,0.91669,0.91692,1.20,1.00
2015.03.24 06:15:16.521,0.91666,0.91688,1.27,1.00
2015.03.24 06:15:16.572,0.91666,0.91688,1.10,1.00
2015.03.24 06:15:16.673,0.91666,0.91688,1.87,1.00
2015.03.24 06:15:16.976,0.91678,0.91697,1.00,1.00
2015.03.24 06:15:17.026,0.91682,0.91704,1.00,1.15
2015.03.24 06:15:17.077,0.91682,0.91704,1.10,1.00
2015.03.24 06:15:17.178,0.91685,0.91706,1.00,1.00
2015.03.24 06:15:17.480,0.91688,0.91706,1.00,1.00
2015.03.24 06:15:17.799,0.91692,0.91706,1.00,1.00
2015.03.24 06:15:17.950,0.91692,0.91716,1.00,1.15
2015.03.24 06:15:18.051,0.9169,0.91717,1.00,2.32
2015.03.24 06:15:19.129,0.91687,0.91713,1.00,1.15
2015.03.24 06:15:19.481,0.91686,0.91712,1.10,1.55
2015.03.24 06:15:19.784,0.9169,0.91712,1.00,1.27
2015.03.24 06:15:19.886,0.91686,0.91712,1.57,1.27
2015.03.24 06:15:19.936,0.91686,0.91712,1.10,1.55
2015.03.24 06:15:20.037,0.91681,0.91709,2.02,1.27
2015.03.24 06:15:20.138,0.91681,0.91709,2.02,1.17
2015.03.24 06:15:20.239,0.91683,0.91712,1.10,1.15
2015.03.24 06:15:20.290,0.91683,0.91711,1.00,2.32
2015.03.24 06:15:20.340,0.91681,0.91711,1.00,2.32
2015.03.24 06:15:20.850,0.9168,0.91707,1.10,1.15
2015.03.24 06:15:21.691,0.91681,0.91709,1.15,1.20
2015.03.24 06:15:23.593,0.91682,0.91709,1.37,2.02
2015.03.24 06:15:24.017,0.91683,0.91711,1.52,1.55
2015.03.24 06:15:25.506,0.9169,0.91713,1.00,2.02
2015.03.24 06:15:25.607,0.91685,0.91712,1.95,1.15
2015.03.24 06:15:25.758,0.91685,0.91712,2.70,1.15
2015.03.24 06:15:26.061,0.9169,0.91713,1.00,2.02
2015.03.24 06:15:26.162,0.91685,0.91713,1.95,2.02
2015.03.24 06:15:26.359,0.9169,0.91713,1.00,2.02
2015.03.24 06:15:26.611,0.91685,0.91713,1.95,2.02
2015.03.24 06:15:26.785,0.9169,0.91713,1.00,2.02
2015.03.24 06:15:27.115,0.91685,0.91713,1.95,2.02
2015.03.24 06:15:28.350,0.91685,0.91712,1.95,1.27
2015.03.24 06:15:28.854,0.91682,0.9171,2.02,1.47
2015.03.24 06:15:30.895,0.91681,0.91708,2.02,1.20
2015.03.24 06:15:30.997,0.91681,0.91707,1.27,1.10
2015.03.24 06:15:31.199,0.9168,0.91708,1.65,1.55
2015.03.24 06:15:31.719,0.9168,0.91706,1.65,1.00
2015.03.24 06:15:32.224,0.91681,0.91709,2.02,1.27
2015.03.24 06:15:37.435,0.91681,0.91709,1.55,2.02
2015.03.24 06:15:37.939,0.91684,0.9171,1.55,1.10
2015.03.24 06:15:45.852,0.91684,0.91709,2.40,1.00
2015.03.24 06:15:46.440,0.91685,0.91712,1.10,2.02
2015.03.24 06:15:47.118,0.91685,0.91712,1.95,1.15
2015.03.24 06:15:49.893,0.91685,0.91712,2.02,1.87
2015.03.24 06:15:51.560,0.91686,0.91713,2.02,1.20
2015.03.24 06:15:52.362,0.91686,0.91713,1.57,1.55
2015.03.24 06:15:52.412,0.91686,0.91712,1.00,1.52
2015.03.24 06:15:52.563,0.91684,0.91708,1.65,1.00
2015.03.24 06:15:52.867,0.91683,0.91704,1.15,1.00
2015.03.24 06:15:52.917,0.91683,0.91707,1.15,1.12
2015.03.24 06:15:53.018,0.91681,0.91703,1.65,1.00
2015.03.24 06:15:53.219,0.91681,0.91707,2.02,1.12
2015.03.24 06:15:57.310,0.91683,0.91707,1.07,1.12
2015.03.24 06:15:57.685,0.91681,0.91707,1.17,1.12
2015.03.24 06:15:57.736,0.91681,0.91704,1.17,1.00
2015.03.24 06:15:57.974,0.91681,0.91707,1.17,1.12
2015.03.24 06:16:01.284,0.91681,0.91705,1.65,1.00
2015.03.24 06:16:03.967,0.91681,0.91705,1.57,1.10
2015.03.24 06:16:07.768,0.91683,0.91706,1.00,1.17
2015.03.24 06:16:08.071,0.9168,0.91697,1.07,1.00
2015.03.24 06:16:08.121,0.9168,0.91697,1.00,1.00
2015.03.24 06:16:08.172,0.91677,0.91701,1.10,1.07
2015.03.24 06:16:12.119,0.91677,0.91699,1.00,1.00
2015.03.24 06:16:12.220,0.91675,0.91698,1.10,1.00
2015.03.24 06:16:12.652,0.91675,0.91698,1.00,1.95
2015.03.24 06:16:14.807,0.91676,0.91697,1.00,1.17
2015.03.24 06:16:15.109,0.9168,0.917,1.00,1.65
2015.03.24 06:16:15.884,0.91676,0.91699,1.00,1.10
2015.03.24 06:16:16.316,0.91676,0.91697,1.00,1.00
2015.03.24 06:16:16.568,0.91673,0.91696,1.00,1.10
2015.03.24 06:16:16.669,0.91673,0.91692,1.00,1.00
2015.03.24 06:16:16.770,0.9167,0.91694,1.17,1.00
2015.03.24 06:16:17.072,0.9167,0.91692,1.00,1.00
2015.03.24 06:16:17.274,0.91667,0.9169,1.10,1.10
2015.03.24 06:16:23.388,0.91667,0.9169,1.00,1.07
2015.03.24 06:16:23.489,0.91665,0.91688,1.00,1.07
2015.03.24 06:16:23.691,0.91665,0.91685,1.00,1.07
2015.03.24 06:16:23.899,0.91661,0.91685,1.50,1.17
2015.03.24 06:16:23.949,0.91661,0.91682,1.00,1.00
2015.03.24 06:16:24.000,0.91658,0.91682,1.17,1.00
2015.03.24 06:16:33.397,0.91658,0.91682,1.00,2.77
2015.03.24 06:16:33.498,0.91655,0.91679,1.65,1.00
2015.03.24 06:16:34.030,0.91655,0.91679,1.50,1.17
2015.03.24 06:16:34.899,0.91655,0.91677,1.00,1.00
2015.03.24 06:16:35.151,0.9165,0.91674,1.50,1.10
2015.03.24 06:16:35.688,0.91648,0.91674,1.65,1.10
2015.03.24 06:16:36.896,0.91648,0.91673,1.17,1.12
2015.03.24 06:16:38.092,0.91648,0.91673,1.17,1.37
2015.03.24 06:16:39.740,0.91648,0.91672,1.00,1.17
2015.03.24 06:16:40.314,0.91646,0.91673,1.00,2.40
2015.03.24 06:16:40.969,0.91645,0.91672,1.57,1.17
2015.03.24 06:16:42.724,0.91648,0.91672,1.12,1.17
2015.03.24 06:16:42.825,0.91648,0.91672,1.27,1.00
2015.03.24 06:16:42.926,0.9165,0.91675,1.00,1.65
2015.03.24 06:16:43.527,0.91648,0.91675,2.02,1.20
2015.03.24 06:16:43.578,0.9165,0.91675,1.00,1.27
2015.03.24 06:16:44.095,0.91651,0.91674,1.00,1.00
2015.03.24 06:16:44.246,0.91651,0.91679,1.17,2.02
2015.03.24 06:16:44.684,0.91651,0.91679,1.07,1.15
2015.03.24 06:16:45.192,0.91651,0.91679,1.00,1.65
2015.03.24 06:16:45.346,0.91651,0.91679,1.17,1.65
2015.03.24 06:16:45.964,0.91652,0.91679,1.57,1.15
2015.03.24 06:16:46.218,0.91651,0.91678,1.65,1.17
2015.03.24 06:16:46.698,0.91651,0.91678,1.07,1.15
2015.03.24 06:16:47.051,0.91651,0.91679,1.10,1.65
2015.03.24 06:16:48.210,0.91653,0.91678,1.00,1.55
2015.03.24 06:16:48.444,0.91651,0.91677,1.10,1.20
2015.03.24 06:16:48.545,0.91653,0.91678,1.00,1.17
2015.03.24 06:16:48.757,0.91651,0.91677,1.57,1.20
2015.03.24 06:16:48.858,0.91653,0.91679,1.00,2.77
2015.03.24 06:16:49.087,0.91651,0.91677,1.57,1.20
2015.03.24 06:16:49.303,0.91653,0.91679,1.00,2.77
2015.03.24 06:16:49.513,0.91651,0.91677,1.57,1.20
2015.03.24 06:16:49.665,0.91653,0.91679,1.00,2.77
2015.03.24 06:16:53.334,0.91653,0.91679,1.07,1.55
2015.03.24 06:16:53.758,0.91653,0.91679,1.00,2.02
2015.03.24 06:16:54.292,0.91655,0.91679,1.00,1.52
2015.03.24 06:16:54.645,0.91655,0.91681,1.00,1.52
2015.03.24 06:16:54.847,0.91658,0.91684,1.00,1.27
2015.03.24 06:16:55.403,0.91658,0.91684,1.00,1.52
2015.03.24 06:16:55.605,0.91653,0.91679,1.07,1.10
2015.03.24 06:16:55.656,0.91653,0.91679,1.00,1.17
2015.03.24 06:16:55.958,0.91653,0.91677,1.00,1.15
2015.03.24 06:16:56.239,0.9165,0.91676,1.00,2.40
2015.03.24 06:16:59.092,0.91652,0.91676,1.00,1.52
2015.03.24 06:17:02.184,0.91651,0.91676,1.00,2.02
2015.03.24 06:17:02.502,0.91652,0.91676,1.10,1.12
2015.03.24 06:17:02.553,0.91654,0.91678,1.00,2.02
2015.03.24 06:17:03.056,0.91654,0.91678,1.00,1.55
2015.03.24 06:17:05.314,0.91654,0.91678,1.00,1.55
2015.03.24 06:17:05.616,0.91656,0.9168,1.17,1.37
2015.03.24 06:17:06.150,0.91656,0.9168,1.17,1.00
2015.03.24 06:17:07.033,0.91656,0.9168,1.17,1.37
2015.03.24 06:17:07.580,0.91656,0.9168,1.00,2.02
2015.03.24 06:17:08.104,0.91656,0.91679,1.17,1.12
2015.03.24 06:17:08.614,0.91657,0.9168,1.10,1.00
2015.03.24 06:17:08.917,0.9166,0.91683,1.10,1.00
2015.03.24 06:17:09.220,0.91662,0.91686,1.00,2.02
2015.03.24 06:17:09.885,0.91663,0.91686,1.00,1.17
2015.03.24 06:17:11.420,0.91662,0.91686,1.00,1.17
2015.03.24 06:17:11.964,0.91663,0.91686,1.00,1.27
2015.03.24 06:17:12.619,0.91662,0.91686,1.00,1.27
2015.03.24 06:17:13.164,0.91662,0.91686,1.00,2.02
2015.03.24 06:17:19.734,0.91662,0.91686,1.00,1.55
2015.03.24 06:17:21.424,0.91662,0.91686,1.00,1.20
2015.03.24 06:17:31.197,0.91662,0.91686,1.00,1.47
2015.03.24 06:17:31.701,0.91662,0.91686,1.00,1.52
2015.03.24 06:17:31.953,0.91662,0.91686,1.10,1.37
2015.03.24 06:17:32.283,0.91664,0.91688,1.00,1.55
2015.03.24 06:17:32.384,0.91664,0.91688,1.00,1.55
2015.03.24 06:17:32.889,0.91667,0.91691,1.00,1.52
2015.03.24 06:17:32.940,0.91667,0.91691,1.00,1.55
2015.03.24 06:17:33.544,0.9167,0.9169,1.00,1.20
2015.03.24 06:17:33.746,0.91673,0.91695,1.00,1.00
2015.03.24 06:17:34.251,0.91673,0.91697,1.00,1.47
2015.03.24 06:17:34.307,0.91676,0.91701,1.10,2.02
2015.03.24 06:17:34.911,0.91676,0.917,1.00,1.15
2015.03.24 06:17:35.868,0.91676,0.91698,1.00,1.00
2015.03.24 06:17:36.417,0.91676,0.91701,1.00,2.02
2015.03.24 06:17:37.539,0.91676,0.91697,1.00,1.00
2015.03.24 06:17:37.591,0.91676,0.91699,1.00,1.20
2015.03.24 06:17:39.603,0.91676,0.91699,1.00,2.02
2015.03.24 06:17:40.975,0.91676,0.91698,1.00,1.37
2015.03.24 06:17:41.482,0.91675,0.91697,1.00,1.12
2015.03.24 06:17:43.615,0.91675,0.91697,1.00,1.37
2015.03.24 06:17:45.083,0.91674,0.91698,1.00,2.62
2015.03.24 06:17:53.452,0.91676,0.91698,1.00,1.87
2015.03.24 06:17:54.078,0.91676,0.91699,1.00,1.57
2015.03.24 06:18:09.710,0.91676,0.91695,1.00,1.00
2015.03.24 06:18:10.083,0.91673,0.91695,1.00,1.17
2015.03.24 06:18:10.713,0.91673,0.91693,1.00,1.00
2015.03.24 06:18:10.924,0.91673,0.91691,1.00,1.00
2015.03.24 06:18:10.974,0.91671,0.91691,1.00,1.10
2015.03.24 06:18:11.176,0.91668,0.91691,1.00,1.10
2015.03.24 06:18:11.277,0.9167,0.9169,1.00,1.07
2015.03.24 06:18:11.378,0.91668,0.9169,1.00,1.65
2015.03.24 06:18:11.479,0.91663,0.91687,1.57,1.50
2015.03.24 06:18:11.580,0.91663,0.91684,1.00,1.10
2015.03.24 06:18:12.101,0.91663,0.91683,1.00,1.00
2015.03.24 06:18:12.792,0.91663,0.91686,1.00,1.15
2015.03.24 06:18:21.288,0.91663,0.91687,1.10,1.57
2015.03.24 06:18:21.339,0.91663,0.91687,1.10,1.50
2015.03.24 06:18:21.911,0.91663,0.91686,1.10,1.00
2015.03.24 06:18:24.142,0.9167,0.91686,1.00,1.00
2015.03.24 06:18:24.679,0.9167,0.9169,1.00,2.77
2015.03.24 06:18:28.312,0.91666,0.9169,1.00,2.02
2015.03.24 06:18:31.102,0.91665,0.91688,1.00,1.20
2015.03.24 06:18:32.714,0.91665,0.91688,1.00,1.47
2015.03.24 06:18:35.394,0.91665,0.91688,1.00,1.47
2015.03.24 06:18:38.179,0.91665,0.91688,1.00,1.47
2015.03.24 06:18:38.330,0.91663,0.91685,1.10,1.12
2015.03.24 06:18:38.381,0.91663,0.91685,1.10,1.37
2015.03.24 06:18:38.432,0.91661,0.91685,1.00,1.95
2015.03.24 06:18:38.644,0.91658,0.9168,1.00,1.00
2015.03.24 06:18:38.695,0.91655,0.9168,1.57,1.57
2015.03.24 06:18:38.898,0.91652,0.91676,1.10,1.50
2015.03.24 06:18:39.136,0.91652,0.91674,1.10,1.00
2015.03.24 06:18:39.237,0.9165,0.91673,1.00,1.00
2015.03.24 06:18:39.338,0.91655,0.91674,1.00,1.57
2015.03.24 06:18:40.317,0.91652,0.91677,1.00,1.52
2015.03.24 06:18:40.418,0.91648,0.91672,1.10,1.45
2015.03.24 06:18:40.520,0.91643,0.91671,1.17,1.52
2015.03.24 06:18:40.620,0.91643,0.91666,1.17,1.00
2015.03.24 06:18:40.923,0.91641,0.91664,1.17,1.00
2015.03.24 06:18:40.974,0.91638,0.91664,1.15,1.00
2015.03.24 06:18:41.189,0.9164,0.91661,1.17,1.00
2015.03.24 06:18:41.442,0.91636,0.91661,1.17,1.00
2015.03.24 06:18:42.192,0.91635,0.91659,1.15,1.00
2015.03.24 06:18:43.394,0.91635,0.91661,1.65,1.00
2015.03.24 06:18:45.355,0.91635,0.9166,1.15,1.00
2015.03.24 06:18:45.882,0.91635,0.91661,1.65,1.00
2015.03.24 06:18:50.110,0.91635,0.9166,1.15,1.00
2015.03.24 06:18:50.261,0.91635,0.91659,1.00,1.10
2015.03.24 06:18:50.756,0.91635,0.91658,1.00,1.15
2015.03.24 06:18:50.908,0.91629,0.91656,1.00,1.52
2015.03.24 06:18:51.059,0.91625,0.91655,1.00,3.07
2015.03.24 06:18:51.361,0.91625,0.91647,1.50,1.00
2015.03.24 06:18:51.912,0.91622,0.91646,1.15,1.00
2015.03.24 06:18:52.223,0.91618,0.91643,1.15,1.00
2015.03.24 06:18:52.425,0.91616,0.91641,1.27,1.00
2015.03.24 06:18:52.735,0.91616,0.91643,1.27,1.00
2015.03.24 06:18:53.037,0.91616,0.91643,1.15,1.37
2015.03.24 06:18:53.138,0.91613,0.91642,5.25,1.00
2015.03.24 06:18:53.188,0.91621,0.91646,1.00,1.15
2015.03.24 06:18:53.289,0.91622,0.91648,1.00,1.15
2015.03.24 06:18:53.491,0.91616,0.91645,1.65,1.10
2015.03.24 06:18:58.673,0.91622,0.91646,1.00,1.17
2015.03.24 06:18:58.774,0.91622,0.91648,1.10,1.00
2015.03.24 06:18:59.026,0.9162,0.91646,1.15,1.00
2015.03.24 06:18:59.565,0.9162,0.91649,1.15,1.95
2015.03.24 06:18:59.968,0.91623,0.91651,1.15,1.47
2015.03.24 06:19:00.766,0.91625,0.91653,1.65,1.27
2015.03.24 06:19:02.675,0.91634,0.91655,1.00,1.47
2015.03.24 06:19:03.225,0.91635,0.91656,1.00,1.55
2015.03.24 06:19:03.427,0.91633,0.91659,1.00,1.52
2015.03.24 06:19:03.628,0.91636,0.91657,1.00,1.37
2015.03.24 06:19:03.729,0.91636,0.91658,1.00,1.20
2015.03.24 06:19:03.780,0.91636,0.91658,1.00,1.47
2015.03.24 06:19:04.284,0.91637,0.91659,1.00,1.55
2015.03.24 06:19:06.758,0.91637,0.91659,1.00,1.55
2015.03.24 06:19:07.335,0.91638,0.91662,1.00,1.90
2015.03.24 06:19:09.641,0.91638,0.91662,1.00,1.90
2015.03.24 06:19:09.842,0.91638,0.91662,1.00,1.65
2015.03.24 06:19:10.880,0.91637,0.91662,1.00,1.65
2015.03.24 06:19:12.847,0.91637,0.91661,1.00,1.52
2015.03.24 06:19:12.999,0.9164,0.91661,1.00,1.15
2015.03.24 06:19:13.329,0.91641,0.91664,1.00,1.15
2015.03.24 06:19:13.966,0.91642,0.91667,1.00,1.65
2015.03.24 06:19:14.151,0.91642,0.91667,1.00,1.52
2015.03.24 06:19:14.512,0.91645,0.91667,1.00,1.52
2015.03.24 06:19:14.925,0.91646,0.91668,1.50,1.10
2015.03.24 06:19:15.077,0.91646,0.91665,1.00,1.00
2015.03.24 06:19:18.158,0.91646,0.91665,1.00,1.37
2015.03.24 06:19:18.361,0.91644,0.91665,1.00,1.37
2015.03.24 06:19:19.130,0.91645,0.91665,1.00,1.37
2015.03.24 06:19:22.211,0.91643,0.91665,1.10,1.37
2015.03.24 06:19:22.362,0.91645,0.91665,1.00,1.37
2015.03.24 06:19:23.871,0.91645,0.91666,1.00,1.37
2015.03.24 06:19:24.572,0.91645,0.91665,1.00,1.37
2015.03.24 06:19:24.878,0.91645,0.91666,1.00,1.00
2015.03.24 06:19:24.979,0.91643,0.91665,1.10,1.00
2015.03.24 06:19:25.544,0.91643,0.91664,1.10,1.00
2015.03.24 06:19:26.840,0.91643,0.91665,1.10,1.00
2015.03.24 06:19:27.363,0.91644,0.91665,1.00,1.00
2015.03.24 06:19:28.362,0.91644,0.91666,1.00,1.00
2015.03.24 06:19:28.782,0.91646,0.91666,1.00,1.00
2015.03.24 06:19:29.329,0.91646,0.91667,1.00,1.37
2015.03.24 06:19:29.853,0.91646,0.91667,1.00,1.37
2015.03.24 06:19:29.904,0.91646,0.91667,1.00,1.00
2015.03.24 06:19:30.055,0.91646,0.9166,1.00,1.00
2015.03.24 06:19:30.264,0.91641,0.9166,1.00,1.00
2015.03.24 06:19:31.109,0.91646,0.9166,1.00,1.00
2015.03.24 06:19:31.160,0.91646,0.91664,1.00,1.00
2015.03.24 06:19:33.772,0.91646,0.9166,1.00,1.00
2015.03.24 06:19:34.087,0.91646,0.91664,1.00,1.00
2015.03.24 06:19:35.131,0.91642,0.91664,1.00,1.12
2015.03.24 06:19:35.854,0.91642,0.9166,1.00,1.00
2015.03.24 06:19:36.156,0.91646,0.91664,1.00,1.00
2015.03.24 06:19:36.948,0.91646,0.9166,1.00,1.00
2015.03.24 06:19:40.274,0.91646,0.91664,1.00,1.12
2015.03.24 06:19:41.173,0.91646,0.9166,1.00,1.00
2015.03.24 06:19:41.392,0.91646,0.91664,1.00,1.00
2015.03.24 06:19:41.504,0.91646,0.9166,1.00,1.00
2015.03.24 06:19:41.555,0.91642,0.9166,1.10,1.00
2015.03.24 06:19:41.706,0.91642,0.91665,1.10,1.12
2015.03.24 06:19:42.210,0.91643,0.91665,1.00,1.00
2015.03.24 06:19:42.412,0.91641,0.91665,1.57,1.87
2015.03.24 06:19:42.614,0.91641,0.91665,1.57,1.50
2015.03.24 06:19:42.952,0.91641,0.91665,1.57,1.87
2015.03.24 06:19:43.460,0.91643,0.91665,1.00,1.87
2015.03.24 06:19:43.964,0.91642,0.91666,1.57,1.37
2015.03.24 06:19:44.115,0.91642,0.91666,1.57,1.12
2015.03.24 06:19:44.217,0.91644,0.91666,1.00,1.00
2015.03.24 06:19:44.742,0.91643,0.91666,1.00,1.00
2015.03.24 06:19:46.111,0.91644,0.91666,1.00,1.00
2015.03.24 06:19:47.053,0.91644,0.91666,1.00,1.07
2015.03.24 06:19:47.204,0.91641,0.91663,1.00,1.00
2015.03.24 06:19:47.671,0.91643,0.91663,1.00,1.00
2015.03.24 06:19:49.424,0.91642,0.91663,1.00,1.00
2015.03.24 06:19:49.624,0.91639,0.91663,1.10,1.00
2015.03.24 06:19:49.675,0.91646,0.91663,1.00,1.00
2015.03.24 06:19:50.122,0.91641,0.91663,1.00,1.00
2015.03.24 06:19:50.627,0.91643,0.91663,1.00,1.00
2015.03.24 06:19:50.829,0.91638,0.9166,1.17,1.00
2015.03.24 06:19:51.182,0.91637,0.91657,1.15,1.00
2015.03.24 06:19:51.485,0.91636,0.9166,2.02,1.12
2015.03.24 06:19:51.838,0.91636,0.91656,1.07,1.00
2015.03.24 06:19:51.888,0.91636,0.91656,1.10,1.00
2015.03.24 06:19:52.142,0.91636,0.91659,1.10,1.12
2015.03.24 06:19:52.498,0.91637,0.91656,1.00,1.00
2015.03.24 06:19:52.701,0.91636,0.91659,1.10,1.00
2015.03.24 06:19:52.801,0.91636,0.91654,1.10,1.00
2015.03.24 06:19:53.383,0.91631,0.91654,1.15,1.00
2015.03.24 06:19:53.896,0.91634,0.91654,1.00,1.00
2015.03.24 06:19:55.023,0.91633,0.91654,1.10,1.00
2015.03.24 06:19:56.558,0.91634,0.91654,1.00,1.00
2015.03.24 06:19:57.071,0.91631,0.91654,1.15,1.00
2015.03.24 06:19:57.584,0.91634,0.91654,1.00,1.00
2015.03.24 06:19:57.994,0.91627,0.9165,1.27,1.00
2015.03.24 06:20:00.969,0.91627,0.9165,1.15,1.37
2015.03.24 06:20:01.083,0.91631,0.91652,1.00,1.00
2015.03.24 06:20:01.285,0.91628,0.9165,1.15,1.00
2015.03.24 06:20:02.949,0.91631,0.9165,1.00,1.00
2015.03.24 06:20:07.532,0.91631,0.91652,1.00,1.87
2015.03.24 06:20:07.872,0.91628,0.91652,1.07,1.87
2015.03.24 06:20:07.922,0.91628,0.91652,1.00,1.95
2015.03.24 06:20:08.192,0.9163,0.91652,1.00,1.95
2015.03.24 06:20:08.664,0.91632,0.91651,1.00,1.00
2015.03.24 06:20:08.916,0.91644,0.91664,1.10,1.00
2015.03.24 06:20:08.967,0.91653,0.91664,1.00,1.00
2015.03.24 06:20:09.118,0.91658,0.91685,1.00,3.45
2015.03.24 06:20:09.219,0.91657,0.91686,1.17,1.55
2015.03.24 06:20:09.622,0.91661,0.91682,1.00,1.00
2015.03.24 06:20:09.673,0.91661,0.91685,1.00,1.10
2015.03.24 06:20:09.774,0.91663,0.91685,1.00,1.10
2015.03.24 06:20:09.875,0.91663,0.91687,1.10,1.00
2015.03.24 06:20:10.580,0.91662,0.91687,1.17,1.75
2015.03.24 06:20:10.832,0.91649,0.91677,1.65,1.82
2015.03.24 06:20:10.883,0.91649,0.91673,1.65,1.12
2015.03.24 06:20:10.994,0.91649,0.91673,1.65,1.12
2015.03.24 06:20:11.625,0.91649,0.91672,1.65,1.00
2015.03.24 06:20:11.726,0.91645,0.9167,1.15,1.00
2015.03.24 06:20:11.827,0.91646,0.9167,1.20,1.00
2015.03.24 06:20:11.928,0.91646,0.91673,1.65,1.20
2015.03.24 06:20:12.088,0.91646,0.91676,1.65,1.90
2015.03.24 06:20:13.272,0.91646,0.91669,1.20,1.00
2015.03.24 06:20:13.736,0.91651,0.91669,1.00,1.00
2015.03.24 06:20:13.939,0.91651,0.91674,1.00,1.95
2015.03.24 06:20:14.198,0.91651,0.91674,1.10,1.00
2015.03.24 06:20:14.249,0.91652,0.91675,1.07,1.00
2015.03.24 06:20:14.754,0.91652,0.91677,1.07,1.47
2015.03.24 06:20:15.278,0.91652,0.91678,1.50,1.52
2015.03.24 06:20:15.900,0.91654,0.91675,1.00,1.00
2015.03.24 06:20:16.303,0.91653,0.91673,1.00,1.00
2015.03.24 06:20:16.353,0.91653,0.91678,1.00,2.02
2015.03.24 06:20:16.455,0.91655,0.91678,1.00,1.27
2015.03.24 06:20:17.690,0.91653,0.91678,1.00,1.52
2015.03.24 06:20:18.201,0.91654,0.9168,1.00,2.02
2015.03.24 06:20:18.710,0.91655,0.91678,1.00,1.37
2015.03.24 06:20:19.223,0.91654,0.91678,1.10,1.37
2015.03.24 06:20:20.409,0.91655,0.91677,1.00,1.37
2015.03.24 06:20:20.949,0.91654,0.91678,1.10,1.37
2015.03.24 06:20:22.170,0.91655,0.91678,1.00,1.37
2015.03.24 06:20:22.672,0.91654,0.91678,1.10,1.37
2015.03.24 06:20:23.358,0.91655,0.91678,1.00,1.37
2015.03.24 06:20:24.831,0.91655,0.91678,1.00,1.37
2015.03.24 06:20:25.360,0.91655,0.91678,1.00,1.37
2015.03.24 06:20:30.243,0.91655,0.91678,1.00,1.37
2015.03.24 06:20:32.068,0.91655,0.91679,1.00,1.47
2015.03.24 06:20:32.373,0.91652,0.91676,1.00,1.37
2015.03.24 06:20:33.196,0.91652,0.91673,1.00,1.37
2015.03.24 06:20:33.712,0.91652,0.91674,1.00,1.37
2015.03.24 06:20:34.039,0.9165,0.91674,1.20,1.37
2015.03.24 06:20:34.581,0.91651,0.91674,1.00,1.37
2015.03.24 06:20:35.140,0.91649,0.91674,1.15,1.37
2015.03.24 06:20:35.191,0.91649,0.91674,1.15,1.12
2015.03.24 06:20:35.292,0.91652,0.91677,1.00,1.57
2015.03.24 06:20:35.822,0.91652,0.91678,1.50,1.52
2015.03.24 06:20:35.873,0.91652,0.91678,1.50,1.52
2015.03.24 06:20:35.924,0.91654,0.91678,1.00,1.52
2015.03.24 06:20:36.347,0.91653,0.91672,1.07,1.00
2015.03.24 06:20:36.750,0.91652,0.91672,1.00,1.00
2015.03.24 06:20:38.024,0.91651,0.91672,1.10,1.00
2015.03.24 06:20:38.481,0.91653,0.91678,1.00,1.55
2015.03.24 06:20:38.682,0.91655,0.91678,1.10,1.37
2015.03.24 06:20:38.985,0.9166,0.91684,1.00,1.17
2015.03.24 06:20:39.136,0.91661,0.91681,1.00,1.00
2015.03.24 06:20:39.438,0.91659,0.91681,1.00,1.00
2015.03.24 06:20:40.761,0.91659,0.91682,1.00,1.00
2015.03.24 06:20:40.958,0.91659,0.91682,1.15,1.00
2015.03.24 06:20:41.944,0.91662,0.91682,1.00,1.00
2015.03.24 06:20:42.495,0.91662,0.91683,1.00,1.00
2015.03.24 06:20:42.949,0.91663,0.91686,1.20,1.00
2015.03.24 06:20:43.687,0.91664,0.91686,1.00,1.00
2015.03.24 06:20:44.234,0.91663,0.91685,1.20,1.12
2015.03.24 06:20:44.777,0.91662,0.91685,1.00,1.12
2015.03.24 06:20:48.730,0.91662,0.91686,1.00,1.65
2015.03.24 06:20:48.831,0.91662,0.91686,1.15,1.00
2015.03.24 06:20:49.550,0.91663,0.91688,1.17,1.00
2015.03.24 06:20:49.601,0.91666,0.91689,1.00,1.10
2015.03.24 06:20:49.915,0.91667,0.91693,1.10,1.55
2015.03.24 06:20:50.016,0.91666,0.91688,1.17,1.00
2015.03.24 06:20:50.218,0.91666,0.91693,1.17,1.27
2015.03.24 06:20:50.319,0.91666,0.9169,1.00,1.52
2015.03.24 06:20:50.420,0.91663,0.91689,1.00,1.27
2015.03.24 06:20:50.959,0.91664,0.91688,1.50,1.00
2015.03.24 06:20:51.478,0.91665,0.91688,1.50,1.00
2015.03.24 06:20:52.015,0.91665,0.91688,1.65,1.00
2015.03.24 06:20:55.180,0.91666,0.91692,1.57,2.02
2015.03.24 06:20:55.697,0.91667,0.91692,1.00,1.65
2015.03.24 06:20:55.747,0.91667,0.91689,1.00,1.00
2015.03.24 06:20:56.639,0.91668,0.91689,1.00,1.00
2015.03.24 06:20:56.697,0.91668,0.91692,1.00,1.17
2015.03.24 06:20:57.304,0.91668,0.9169,1.00,1.00
2015.03.24 06:20:57.455,0.9167,0.9169,1.00,1.00
2015.03.24 06:20:57.708,0.9167,0.91694,1.00,1.20
2015.03.24 06:20:58.212,0.91672,0.91696,1.00,1.15
2015.03.24 06:20:58.515,0.91672,0.91691,1.00,1.00
2015.03.24 06:20:59.499,0.9167,0.91691,1.00,1.00
2015.03.24 06:21:00.011,0.9167,0.91693,1.00,1.00
2015.03.24 06:21:00.062,0.91672,0.91693,1.00,1.00
2015.03.24 06:21:00.530,0.91672,0.91696,1.10,1.57
2015.03.24 06:21:01.318,0.91672,0.91696,1.10,1.50
2015.03.24 06:21:04.328,0.91672,0.91695,1.10,1.00
2015.03.24 06:21:05.547,0.91672,0.91696,1.10,1.00
2015.03.24 06:21:05.648,0.91672,0.91694,1.10,1.00
2015.03.24 06:21:05.749,0.91672,0.91696,1.10,1.12
2015.03.24 06:21:06.256,0.91673,0.91696,1.00,1.00
2015.03.24 06:21:08.960,0.91674,0.91696,1.00,1.00
2015.03.24 06:21:09.377,0.91675,0.91698,1.10,1.00
2015.03.24 06:21:09.900,0.91673,0.91697,1.15,1.00
2015.03.24 06:21:10.449,0.91673,0.91698,1.15,1.00
2015.03.24 06:21:14.482,0.9168,0.91698,1.00,1.00
2015.03.24 06:21:14.684,0.9168,0.91702,1.15,1.00
2015.03.24 06:21:15.188,0.91681,0.91701,1.17,1.00
2015.03.24 06:21:15.411,0.91679,0.91703,1.15,1.00
2015.03.24 06:21:16.558,0.91682,0.91704,1.10,1.00
2015.03.24 06:21:17.175,0.91682,0.91703,1.10,1.12
2015.03.24 06:21:17.830,0.91682,0.91705,1.10,1.37
2015.03.24 06:21:18.410,0.91682,0.91705,1.10,1.00
2015.03.24 06:21:18.662,0.91684,0.91705,1.00,1.00
2015.03.24 06:21:18.864,0.91684,0.91707,1.17,1.12
2015.03.24 06:21:19.016,0.91683,0.91707,1.00,1.12
2015.03.24 06:21:19.067,0.91683,0.91705,1.00,1.00
2015.03.24 06:21:19.370,0.91685,0.91711,1.10,1.65
2015.03.24 06:21:19.676,0.91685,0.91712,1.50,1.90
2015.03.24 06:21:19.777,0.91682,0.91712,1.10,1.90
2015.03.24 06:21:19.828,0.91685,0.91712,1.00,1.90
2015.03.24 06:21:19.879,0.91685,0.91712,1.00,1.15
2015.03.24 06:21:20.775,0.91685,0.91709,1.50,1.90
2015.03.24 06:21:21.995,0.91685,0.91709,1.57,1.82
2015.03.24 06:21:22.354,0.91685,0.91709,1.57,1.75
2015.03.24 06:21:22.556,0.91682,0.91709,1.17,2.40
2015.03.24 06:21:22.758,0.91681,0.91712,1.15,1.90
2015.03.24 06:21:22.859,0.91678,0.91712,1.15,2.40
2015.03.24 06:21:22.910,0.91678,0.91703,1.15,1.00
2015.03.24 06:21:24.141,0.91682,0.91706,1.00,1.17
2015.03.24 06:21:25.805,0.91683,0.91706,1.00,1.17
2015.03.24 06:21:26.108,0.9168,0.91697,1.00,1.07
2015.03.24 06:21:26.621,0.91677,0.917,1.00,1.00
2015.03.24 06:21:26.772,0.9168,0.91703,1.00,1.15
2015.03.24 06:21:26.822,0.9168,0.91703,1.00,1.00
2015.03.24 06:21:26.923,0.91678,0.91704,1.00,1.27
2015.03.24 06:21:27.347,0.91678,0.91705,1.17,1.55
2015.03.24 06:21:27.914,0.9168,0.91705,1.00,1.17
2015.03.24 06:21:28.417,0.91681,0.91708,1.00,1.15
2015.03.24 06:21:28.468,0.91678,0.91708,1.17,1.65
2015.03.24 06:21:28.519,0.91678,0.91706,1.10,1.15
2015.03.24 06:21:28.569,0.91676,0.91706,1.10,1.15
2015.03.24 06:21:28.760,0.91676,0.91699,1.10,1.00
2015.03.24 06:21:29.066,0.91677,0.91701,1.00,1.10
2015.03.24 06:21:29.117,0.91679,0.91701,1.00,1.10
2015.03.24 06:21:29.319,0.91675,0.91701,1.17,1.10
2015.03.24 06:21:29.636,0.91675,0.91698,1.17,1.00
2015.03.24 06:21:30.039,0.91685,0.917,1.00,1.00
2015.03.24 06:21:30.544,0.91685,0.91706,1.00,2.40
2015.03.24 06:21:31.049,0.91685,0.91706,1.00,1.65
2015.03.24 06:21:31.581,0.91681,0.91706,1.00,2.02
2015.03.24 06:21:32.093,0.9168,0.91705,1.00,1.52
2015.03.24 06:21:32.912,0.9168,0.91705,1.00,1.15
2015.03.24 06:21:33.164,0.91682,0.91708,1.00,1.27
2015.03.24 06:21:33.567,0.91685,0.91708,1.00,1.27
2015.03.24 06:21:36.338,0.91683,0.91708,1.00,1.15
2015.03.24 06:21:36.439,0.91681,0.91705,1.57,1.37
2015.03.24 06:21:36.772,0.9168,0.91704,1.00,4.57
2015.03.24 06:21:36.873,0.91677,0.91701,1.50,1.27
2015.03.24 06:21:36.923,0.91677,0.91701,1.00,2.40
2015.03.24 06:21:36.974,0.91673,0.91698,1.00,1.52
2015.03.24 06:21:37.075,0.91672,0.91698,1.00,2.02
2015.03.24 06:21:37.444,0.9167,0.91696,2.25,1.52
2015.03.24 06:21:37.596,0.9167,0.91695,1.00,1.52
2015.03.24 06:21:37.647,0.91668,0.91694,1.00,2.02
2015.03.24 06:21:37.748,0.91666,0.91692,1.50,1.52
2015.03.24 06:21:38.063,0.91666,0.91691,1.00,1.55
2015.03.24 06:21:38.220,0.91664,0.91691,1.50,2.02
2015.03.24 06:21:38.744,0.91662,0.91689,1.10,1.52
2015.03.24 06:21:38.845,0.91664,0.91691,1.00,2.77
2015.03.24 06:21:39.614,0.91663,0.9169,1.00,2.02
2015.03.24 06:21:40.276,0.91664,0.91691,1.00,2.77
2015.03.24 06:21:45.193,0.91664,0.91691,1.57,2.02
2015.03.24 06:21:45.496,0.91666,0.91691,1.00,2.02
2015.03.24 06:21:45.547,0.91666,0.91691,1.00,2.02
2015.03.24 06:21:46.095,0.91667,0.91694,1.00,1.52
2015.03.24 06:21:47.495,0.91667,0.91694,1.07,1.45
2015.03.24 06:21:47.546,0.91671,0.91695,1.10,1.87
2015.03.24 06:21:47.647,0.91674,0.91695,1.00,1.15
2015.03.24 06:21:47.798,0.91676,0.91698,1.50,1.10
2015.03.24 06:21:48.054,0.91674,0.91697,1.00,1.50
2015.03.24 06:21:48.256,0.91677,0.917,1.00,1.15
2015.03.24 06:21:48.458,0.91675,0.917,1.00,1.15
2015.03.24 06:21:48.964,0.91674,0.917,1.50,1.15
2015.03.24 06:21:49.540,0.91678,0.91702,1.00,1.27
2015.03.24 06:21:49.742,0.91674,0.91698,1.50,1.10
2015.03.24 06:21:49.995,0.91678,0.91701,1.00,1.15
2015.03.24 06:21:50.045,0.91678,0.91701,1.00,1.00
2015.03.24 06:21:50.196,0.91677,0.91701,1.00,1.07
2015.03.24 06:21:50.453,0.91675,0.91698,1.00,1.00
2015.03.24 06:21:50.554,0.91677,0.91698,1.00,1.00
2015.03.24 06:21:51.080,0.91676,0.91698,1.50,1.00
2015.03.24 06:21:51.598,0.91676,0.91702,1.50,1.15
2015.03.24 06:21:51.649,0.91674,0.91698,1.57,1.00
2015.03.24 06:21:51.859,0.91676,0.91698,1.00,1.00
2015.03.24 06:21:52.040,0.91674,0.91698,1.57,1.00
2015.03.24 06:21:52.091,0.91676,0.91698,1.00,1.00
2015.03.24 06:21:52.242,0.91674,0.91698,1.57,1.00
2015.03.24 06:21:52.629,0.91676,0.91698,1.00,1.00
2015.03.24 06:21:53.400,0.91675,0.91698,1.00,1.00
2015.03.24 06:21:53.941,0.91676,0.91698,1.00,1.00
2015.03.24 06:21:54.294,0.91674,0.91698,1.10,1.00
2015.03.24 06:21:54.546,0.91676,0.91698,1.00,1.00
2015.03.24 06:22:01.073,0.91677,0.91701,1.00,1.27
2015.03.24 06:22:02.937,0.9168,0.91701,1.00,1.17
2015.03.24 06:22:04.364,0.91677,0.91701,2.25,1.55
2015.03.24 06:22:04.415,0.91677,0.91698,1.00,1.37
2015.03.24 06:22:04.516,0.91674,0.91698,1.00,1.52
2015.03.24 06:22:04.567,0.91674,0.91698,1.00,1.52
2015.03.24 06:22:04.617,0.91671,0.91695,1.00,1.52
2015.03.24 06:22:04.718,0.91674,0.91694,1.00,1.55
2015.03.24 06:22:05.832,0.91673,0.91697,1.00,1.52
2015.03.24 06:22:06.394,0.91673,0.91692,1.00,1.12
2015.03.24 06:22:06.922,0.91673,0.9169,1.00,1.00
2015.03.24 06:22:07.430,0.91673,0.9169,1.00,1.27
2015.03.24 06:22:07.798,0.91666,0.9169,1.00,1.27
2015.03.24 06:22:10.670,0.9167,0.91692,1.00,1.17
2015.03.24 06:22:10.721,0.9167,0.91692,1.00,1.10
2015.03.24 06:22:11.655,0.91668,0.9169,1.00,1.00
2015.03.24 06:22:11.856,0.91668,0.91692,1.50,1.10
2015.03.24 06:22:13.673,0.91669,0.91692,1.00,1.10
2015.03.24 06:22:14.764,0.91668,0.91692,1.50,1.57
2015.03.24 06:22:15.830,0.91668,0.91691,1.00,1.00
2015.03.24 06:22:29.248,0.91668,0.91692,1.50,1.57
2015.03.24 06:22:29.914,0.91668,0.91692,1.57,1.50
2015.03.24 06:22:31.647,0.91668,0.91691,1.50,1.00
2015.03.24 06:22:31.899,0.91668,0.91691,1.00,1.37
2015.03.24 06:22:32.207,0.91668,0.91691,1.00,1.00
2015.03.24 06:22:33.439,0.91669,0.91692,1.17,1.00
2015.03.24 06:22:33.691,0.91671,0.91695,1.50,1.20
2015.03.24 06:22:33.944,0.91671,0.91695,2.02,1.00
2015.03.24 06:22:33.994,0.91675,0.91698,1.00,1.10
2015.03.24 06:22:34.863,0.91676,0.917,1.00,1.12
2015.03.24 06:22:35.316,0.91679,0.91703,1.00,1.27
2015.03.24 06:22:35.838,0.91679,0.91703,1.10,1.00
2015.03.24 06:22:37.495,0.91676,0.917,1.65,1.00
2015.03.24 06:22:37.651,0.91676,0.917,1.10,1.00
2015.03.24 06:22:37.752,0.9168,0.91704,1.00,1.27
2015.03.24 06:22:37.853,0.91674,0.91698,2.02,1.00
2015.03.24 06:22:41.147,0.91677,0.91701,1.00,1.10
2015.03.24 06:22:41.585,0.91676,0.91698,1.10,1.00
2015.03.24 06:22:41.896,0.91679,0.91703,1.00,1.65
2015.03.24 06:22:42.404,0.91679,0.91703,1.00,1.37
2015.03.24 06:22:42.605,0.91676,0.91701,1.10,1.10
2015.03.24 06:22:42.656,0.91674,0.91698,1.65,1.00
2015.03.24 06:22:43.109,0.91677,0.91701,1.00,1.10
2015.03.24 06:22:43.712,0.91678,0.91701,1.00,1.10
2015.03.24 06:22:44.213,0.91677,0.91701,1.00,1.10
2015.03.24 06:22:44.842,0.91677,0.91701,1.07,1.10
2015.03.24 06:22:44.893,0.9168,0.91701,1.00,1.00
2015.03.24 06:22:45.095,0.91681,0.91705,1.00,1.55
2015.03.24 06:22:45.206,0.91684,0.91708,1.00,1.20
2015.03.24 06:22:45.307,0.91684,0.91707,1.17,1.00
2015.03.24 06:22:45.408,0.91687,0.91711,1.00,2.02
2015.03.24 06:22:45.711,0.91687,0.91711,1.20,1.00
2015.03.24 06:22:45.862,0.9169,0.91713,1.00,1.00
2015.03.24 06:22:46.367,0.9169,0.91714,1.00,1.65
2015.03.24 06:22:46.871,0.91692,0.91714,1.00,1.00
2015.03.24 06:22:47.391,0.91691,0.91714,1.10,1.00
2015.03.24 06:22:53.785,0.91688,0.9171,1.15,1.00
2015.03.24 06:22:54.670,0.91688,0.91716,1.65,1.10
2015.03.24 06:22:58.811,0.91688,0.91716,1.17,1.07
2015.03.24 06:22:58.862,0.91688,0.91716,1.10,1.15
2015.03.24 06:23:00.309,0.9169,0.91714,1.00,1.17
2015.03.24 06:23:02.335,0.9169,0.91714,1.00,1.17
2015.03.24 06:23:02.487,0.91684,0.91708,1.00,1.52
2015.03.24 06:23:02.588,0.91683,0.91702,1.00,1.00
2015.03.24 06:23:02.638,0.9168,0.91702,1.10,1.00
2015.03.24 06:23:02.689,0.9168,0.91704,1.57,1.00
2015.03.24 06:23:02.817,0.9168,0.917,1.00,1.00
2015.03.24 06:23:03.138,0.91679,0.91703,1.50,1.17
2015.03.24 06:23:03.373,0.91679,0.91699,1.00,1.00
2015.03.24 06:23:03.682,0.91682,0.91704,1.00,1.00
2015.03.24 06:23:03.784,0.91679,0.91702,1.17,1.00
2015.03.24 06:23:07.065,0.91682,0.91704,1.00,1.00
2015.03.24 06:23:07.834,0.91682,0.91703,1.00,1.00
2015.03.24 06:23:11.718,0.91679,0.91699,1.17,1.00
2015.03.24 06:23:12.098,0.91678,0.91699,1.00,1.00
2015.03.24 06:23:12.199,0.91675,0.91699,1.07,1.45
2015.03.24 06:23:12.300,0.91672,0.91697,1.10,1.17
2015.03.24 06:23:12.467,0.91671,0.91693,1.00,1.00
2015.03.24 06:23:12.789,0.91667,0.91688,1.15,1.00
2015.03.24 06:23:12.944,0.91667,0.9169,1.65,1.00
2015.03.24 06:23:13.775,0.91668,0.91687,1.17,1.00
2015.03.24 06:23:14.030,0.91668,0.9169,1.17,1.50
2015.03.24 06:23:14.918,0.91672,0.91691,1.00,1.00
2015.03.24 06:23:14.985,0.91668,0.91691,1.65,1.00
2015.03.24 06:23:15.390,0.91668,0.91692,1.65,1.00
2015.03.24 06:23:15.907,0.9167,0.91692,1.15,1.00
2015.03.24 06:23:16.109,0.9167,0.91694,1.65,1.00
2015.03.24 06:23:16.407,0.91673,0.91694,1.07,1.00
2015.03.24 06:23:16.558,0.91674,0.91698,1.17,1.12
2015.03.24 06:23:21.518,0.91674,0.91694,1.27,1.00
2015.03.24 06:23:21.915,0.91676,0.917,1.00,1.57
2015.03.24 06:23:23.448,0.91676,0.917,1.57,1.10
2015.03.24 06:23:23.549,0.9168,0.91702,1.00,1.50
2015.03.24 06:23:23.851,0.91678,0.91698,1.15,1.00
2015.03.24 06:23:23.902,0.91678,0.91702,1.65,1.00
2015.03.24 06:23:25.069,0.91681,0.91702,1.00,1.00
2015.03.24 06:23:25.120,0.91681,0.91698,1.00,1.00
2015.03.24 06:23:25.373,0.9168,0.917,1.10,1.00
2015.03.24 06:23:25.424,0.9168,0.917,1.17,1.00
2015.03.24 06:23:25.474,0.9168,0.91704,1.65,1.00
2015.03.24 06:23:25.901,0.91683,0.91707,1.00,1.50
2015.03.24 06:23:25.951,0.91685,0.91707,1.00,1.50
2015.03.24 06:23:26.255,0.91686,0.91709,1.10,1.00
2015.03.24 06:23:27.455,0.91686,0.91709,1.10,1.45
2015.03.24 06:23:27.657,0.91683,0.91706,1.00,1.00
2015.03.24 06:23:28.173,0.91682,0.91706,1.10,1.00
2015.03.24 06:23:28.327,0.91685,0.91706,1.00,1.00
2015.03.24 06:23:28.528,0.91685,0.91709,1.57,1.00
2015.03.24 06:23:28.783,0.91683,0.91706,1.15,1.00
2015.03.24 06:23:29.091,0.91686,0.9171,1.00,1.95
2015.03.24 06:23:34.557,0.91686,0.91709,1.00,1.00
2015.03.24 06:23:35.887,0.91686,0.91709,1.00,1.37
2015.03.24 06:23:40.099,0.91686,0.91709,1.00,1.37
2015.03.24 06:23:40.200,0.91682,0.91706,1.50,1.20
2015.03.24 06:23:40.737,0.91682,0.91703,1.00,1.00
2015.03.24 06:23:41.390,0.91682,0.91705,1.00,1.12
2015.03.24 06:23:41.908,0.91682,0.91704,1.00,1.37
2015.03.24 06:23:42.059,0.91675,0.91699,1.07,1.10
2015.03.24 06:23:42.110,0.91675,0.91699,1.00,1.10
2015.03.24 06:23:42.312,0.91673,0.91694,1.17,1.00
2015.03.24 06:23:42.413,0.91676,0.917,1.00,1.65
2015.03.24 06:23:43.171,0.91673,0.91696,1.27,1.00
2015.03.24 06:23:43.272,0.91676,0.917,1.00,1.17
2015.03.24 06:23:45.138,0.91674,0.91698,1.57,1.00
2015.03.24 06:23:45.600,0.91676,0.91699,1.00,1.20
2015.03.24 06:23:45.903,0.91674,0.91698,1.10,1.00
2015.03.24 06:23:46.407,0.91675,0.91698,1.00,1.00
2015.03.24 06:23:47.653,0.91674,0.91698,1.57,1.00
2015.03.24 06:23:58.494,0.91673,0.91697,1.17,1.00
2015.03.24 06:23:58.611,0.91668,0.91692,3.82,1.00
2015.03.24 06:23:58.662,0.91672,0.91692,1.00,1.00
2015.03.24 06:23:58.915,0.91672,0.91696,1.50,1.10
2015.03.24 06:24:06.161,0.91672,0.91696,1.57,1.00
2015.03.24 06:24:26.111,0.91672,0.91696,1.65,1.00
2015.03.24 06:24:34.774,0.91678,0.917,1.00,1.95
2015.03.24 06:24:34.824,0.91678,0.917,1.00,1.87
2015.03.24 06:24:34.875,0.91676,0.91699,1.10,1.00
2015.03.24 06:24:35.081,0.91681,0.91702,1.00,2.02
2015.03.24 06:24:35.183,0.91676,0.91701,1.17,1.10
2015.03.24 06:24:35.687,0.91676,0.91701,1.10,1.10
2015.03.24 06:24:38.366,0.91674,0.91698,1.27,1.00
2015.03.24 06:24:45.794,0.91674,0.91698,1.27,1.00
2015.03.24 06:24:45.996,0.91676,0.917,1.15,1.50
2015.03.24 06:24:46.097,0.91673,0.91696,3.07,1.00
2015.03.24 06:24:47.880,0.91672,0.91696,1.15,1.00
2015.03.24 06:24:49.186,0.91676,0.91698,1.00,1.00
2015.03.24 06:24:49.827,0.91676,0.91699,1.00,1.00
2015.03.24 06:24:58.747,0.91676,0.917,1.00,1.10
2015.03.24 06:24:59.251,0.91676,0.91699,1.00,1.00
2015.03.24 06:25:00.686,0.91676,0.917,1.00,1.10
2015.03.24 06:25:03.926,0.91672,0.91696,1.27,1.00
2015.03.24 06:25:04.147,0.91676,0.917,1.00,1.10
2015.03.24 06:25:04.719,0.91676,0.91699,1.00,1.00
2015.03.24 06:25:08.189,0.91676,0.91699,1.17,1.00
2015.03.24 06:25:27.235,0.91676,0.91698,1.17,1.00
2015.03.24 06:25:27.541,0.91671,0.91697,1.52,1.00
2015.03.24 06:25:28.198,0.91675,0.91698,1.00,1.00
2015.03.24 06:25:36.453,0.91675,0.91699,1.00,1.57
2015.03.24 06:25:41.824,0.91675,0.91699,1.00,1.95
2015.03.24 06:25:42.126,0.91666,0.91691,1.00,1.20
2015.03.24 06:25:42.286,0.9166,0.91684,2.02,1.00
2015.03.24 06:25:42.437,0.91665,0.91689,1.10,1.00
2015.03.24 06:25:42.646,0.91665,0.91689,1.15,1.00
2015.03.24 06:25:43.184,0.91668,0.9169,1.00,1.00
2015.03.24 06:25:43.882,0.91668,0.9169,1.15,1.00
2015.03.24 06:25:44.084,0.9167,0.91694,1.15,1.00
2015.03.24 06:25:44.185,0.91672,0.91696,1.15,1.00
2015.03.24 06:25:44.286,0.91668,0.91694,3.45,1.00
2015.03.24 06:25:44.636,0.91672,0.91696,2.02,1.00
2015.03.24 06:25:44.814,0.91676,0.917,1.17,1.50
2015.03.24 06:25:48.316,0.91676,0.91699,1.17,1.50
2015.03.24 06:25:48.911,0.91676,0.91698,1.00,1.00
2015.03.24 06:25:50.406,0.91676,0.91699,1.00,1.10
2015.03.24 06:25:59.900,0.91676,0.917,1.10,1.50
2015.03.24 06:26:00.394,0.91676,0.917,1.27,1.50
2015.03.24 06:26:04.834,0.9168,0.91703,1.00,1.50
2015.03.24 06:26:05.816,0.9168,0.91704,1.45,1.00
