2015.11.12 14:00:00.863,0.80198,0.80225,1.75,1.00
2015.11.12 14:00:02.791,0.80201,0.80228,1.75,2.25
2015.11.12 14:00:04.106,0.80199,0.80225,1.75,1.00
2015.11.12 14:00:05.519,0.80198,0.80224,1.75,1.00
2015.11.12 14:00:06.284,0.80197,0.80223,3.00,1.12
2015.11.12 14:00:06.336,0.80196,0.80223,2.25,1.50
2015.11.12 14:00:06.841,0.802,0.80221,1.50,1.00
2015.11.12 14:00:07.840,0.80198,0.80222,1.75,1.12
2015.11.12 14:00:09.447,0.802,0.80222,1.50,1.00
2015.11.12 14:00:10.458,0.802,0.80226,1.75,1.12
2015.11.12 14:00:11.193,0.802,0.80225,1.75,1.00
2015.11.12 14:00:13.229,0.802,0.80222,1.75,1.00
2015.11.12 14:00:17.597,0.802,0.80224,1.75,1.00
2015.11.12 14:00:17.850,0.802,0.80223,3.75,1.00
2015.11.12 14:00:19.145,0.802,0.80223,1.75,1.00
2015.11.12 14:00:19.799,0.802,0.80225,1.75,1.00
2015.11.12 14:00:20.152,0.80201,0.80227,1.75,1.12
2015.11.12 14:00:20.867,0.80202,0.80228,1.75,2.25
2015.11.12 14:00:23.727,0.80197,0.80223,1.75,1.12
2015.11.12 14:00:23.778,0.80197,0.80223,1.75,1.37
2015.11.12 14:00:23.829,0.80198,0.80221,1.00,1.00
2015.11.12 14:00:24.183,0.80196,0.80223,1.75,1.50
2015.11.12 14:00:24.235,0.80197,0.80224,1.75,2.25
2015.11.12 14:00:26.536,0.80207,0.8023,1.12,1.87
2015.11.12 14:00:26.841,0.80212,0.80236,1.50,1.50
2015.11.12 14:00:26.892,0.80212,0.80237,3.00,1.37
2015.11.12 14:00:26.993,0.80215,0.80242,1.75,1.37
2015.11.12 14:00:27.195,0.80218,0.80244,1.37,1.50
2015.11.12 14:00:27.448,0.80222,0.80248,1.75,2.25
2015.11.12 14:00:27.848,0.80223,0.8025,1.75,1.00
2015.11.12 14:00:28.367,0.80225,0.80251,2.25,1.12
2015.11.12 14:00:29.348,0.80225,0.8025,1.75,1.00
2015.11.12 14:00:29.864,0.80225,0.80251,1.75,1.87
2015.11.12 14:00:30.167,0.8023,0.80254,1.75,1.12
2015.11.12 14:00:30.217,0.8023,0.80254,1.12,1.75
2015.11.12 14:00:35.558,0.80225,0.8025,1.75,1.50
2015.11.12 14:00:35.860,0.80222,0.80245,1.75,1.00
2015.11.12 14:00:36.188,0.80222,0.80245,2.25,1.00
2015.11.12 14:00:36.340,0.80222,0.80247,1.75,1.00
2015.11.12 14:00:37.199,0.80222,0.80249,1.75,1.12
2015.11.12 14:00:37.701,0.80222,0.80248,1.75,1.00
2015.11.12 14:00:38.054,0.8023,0.80249,1.12,1.00
2015.11.12 14:00:38.410,0.8023,0.80254,1.12,2.25
2015.11.12 14:00:40.714,0.80225,0.8025,2.25,1.00
2015.11.12 14:00:40.957,0.80225,0.80252,3.00,1.12
2015.11.12 14:00:41.844,0.80225,0.80251,2.25,1.00
2015.11.12 14:00:41.945,0.80224,0.80251,3.75,1.75
2015.11.12 14:00:42.252,0.8022,0.80245,3.00,1.00
2015.11.12 14:00:43.001,0.80227,0.80249,1.00,1.00
2015.11.12 14:00:43.355,0.80227,0.80247,1.00,1.00
2015.11.12 14:00:44.175,0.80225,0.80247,2.25,1.00
2015.11.12 14:00:44.520,0.80225,0.80251,2.25,1.00
2015.11.12 14:00:45.040,0.80228,0.80253,1.75,1.50
2015.11.12 14:00:45.444,0.80232,0.80254,1.00,1.00
2015.11.12 14:00:45.954,0.80236,0.80254,1.00,1.00
2015.11.12 14:00:46.005,0.80236,0.80256,1.00,1.00
2015.11.12 14:00:46.106,0.80236,0.80253,1.00,1.00
2015.11.12 14:00:46.156,0.80228,0.80253,2.25,1.00
2015.11.12 14:00:46.660,0.80229,0.80252,1.75,1.00
2015.11.12 14:00:47.366,0.80229,0.80253,1.75,1.00
2015.11.12 14:00:49.299,0.8023,0.80251,2.25,1.00
2015.11.12 14:00:50.925,0.8023,0.80252,1.75,1.00
2015.11.12 14:00:52.041,0.80229,0.80251,1.75,1.00
2015.11.12 14:00:54.093,0.80228,0.80251,1.75,1.00
2015.11.12 14:00:54.598,0.80228,0.8025,1.75,1.00
2015.11.12 14:00:55.469,0.80227,0.80252,2.25,1.00
2015.11.12 14:00:55.671,0.80227,0.80256,3.00,1.50
2015.11.12 14:00:55.974,0.8023,0.80255,1.75,1.00
2015.11.12 14:00:57.007,0.8023,0.80256,2.25,1.00
2015.11.12 14:00:57.522,0.80231,0.80255,1.75,1.00
2015.11.12 14:00:57.623,0.80231,0.80255,1.75,1.50
2015.11.12 14:00:57.776,0.8023,0.80253,1.37,1.87
2015.11.12 14:00:58.609,0.8023,0.80254,3.75,1.00
2015.11.12 14:00:58.928,0.8023,0.80254,1.75,1.00
2015.11.12 14:00:59.429,0.80231,0.80255,1.75,1.00
2015.11.12 14:01:01.824,0.80231,0.80254,1.75,1.00
2015.11.12 14:01:02.531,0.80232,0.80259,1.75,1.75
2015.11.12 14:01:04.388,0.8023,0.80255,1.50,1.12
2015.11.12 14:01:04.439,0.8023,0.80255,1.50,1.50
2015.11.12 14:01:04.910,0.8023,0.80254,1.12,1.37
2015.11.12 14:01:04.961,0.80227,0.80254,1.50,2.25
2015.11.12 14:01:08.128,0.80223,0.80248,1.75,1.00
2015.11.12 14:01:08.550,0.80224,0.80246,1.75,1.00
2015.11.12 14:01:08.863,0.80225,0.8025,1.75,1.50
2015.11.12 14:01:09.464,0.80224,0.80248,1.75,1.12
2015.11.12 14:01:09.515,0.80225,0.80252,2.25,1.37
2015.11.12 14:01:09.566,0.80225,0.80252,2.25,1.12
2015.11.12 14:01:09.769,0.80226,0.80252,3.00,1.00
2015.11.12 14:01:10.217,0.80232,0.80254,1.50,1.00
2015.11.12 14:01:10.318,0.80234,0.80258,1.37,1.37
2015.11.12 14:01:10.689,0.80237,0.80258,1.00,1.00
2015.11.12 14:01:10.992,0.80237,0.80256,1.00,1.00
2015.11.12 14:01:12.307,0.80237,0.80257,1.00,1.00
2015.11.12 14:01:12.827,0.80237,0.80256,1.00,1.00
2015.11.12 14:01:16.263,0.80237,0.80255,1.00,1.00
2015.11.12 14:01:16.364,0.8023,0.80255,1.75,1.12
2015.11.12 14:01:17.151,0.80227,0.80254,3.00,1.00
2015.11.12 14:01:17.462,0.80225,0.80254,3.00,2.25
2015.11.12 14:01:18.392,0.80231,0.80257,1.75,1.75
2015.11.12 14:01:18.695,0.80228,0.80252,1.27,1.00
2015.11.12 14:01:18.797,0.80225,0.8025,2.25,1.00
2015.11.12 14:01:19.100,0.80229,0.80252,1.50,1.12
2015.11.12 14:01:19.829,0.80227,0.80252,1.75,1.12
2015.11.12 14:01:19.881,0.80227,0.80252,1.75,1.00
2015.11.12 14:01:20.446,0.80228,0.80251,1.75,1.00
2015.11.12 14:01:20.960,0.80227,0.8025,2.25,1.00
2015.11.12 14:01:21.510,0.80228,0.80254,1.75,1.00
2015.11.12 14:01:21.915,0.80227,0.80253,1.75,1.50
2015.11.12 14:01:22.388,0.80225,0.8025,2.25,1.00
2015.11.12 14:01:23.784,0.80226,0.80251,1.75,1.00
2015.11.12 14:01:24.087,0.80228,0.80254,1.75,1.00
2015.11.12 14:01:24.590,0.8023,0.80253,2.25,1.00
2015.11.12 14:01:25.948,0.8023,0.80251,1.75,1.00
2015.11.12 14:01:26.806,0.80228,0.80252,2.25,1.00
2015.11.12 14:01:27.324,0.80228,0.80253,2.25,1.00
2015.11.12 14:01:28.409,0.80235,0.80258,1.75,1.00
2015.11.12 14:01:30.713,0.80234,0.80258,1.75,1.12
2015.11.12 14:01:31.015,0.8023,0.80254,1.75,1.12
2015.11.12 14:01:31.066,0.8023,0.80254,1.75,1.12
2015.11.12 14:01:34.528,0.80231,0.80256,1.75,1.37
2015.11.12 14:01:34.730,0.80231,0.80257,1.75,1.12
2015.11.12 14:01:35.256,0.80232,0.80256,1.75,1.00
2015.11.12 14:01:35.767,0.80232,0.80257,1.75,1.12
2015.11.12 14:01:36.486,0.8023,0.80255,2.25,1.00
2015.11.12 14:01:37.013,0.80232,0.80256,1.75,1.00
2015.11.12 14:01:37.615,0.80232,0.80257,1.75,1.12
2015.11.12 14:01:38.770,0.80235,0.80259,1.75,1.00
2015.11.12 14:01:39.479,0.80234,0.80257,1.75,1.00
2015.11.12 14:01:39.976,0.80234,0.80257,1.50,1.50
2015.11.12 14:01:40.879,0.8023,0.80253,2.25,1.00
2015.11.12 14:01:41.286,0.80225,0.80253,1.12,1.75
2015.11.12 14:01:42.185,0.80224,0.80252,3.52,1.75
2015.11.12 14:01:43.594,0.8023,0.80254,1.00,1.75
2015.11.12 14:01:46.362,0.80226,0.80253,1.50,1.75
2015.11.12 14:01:46.657,0.80229,0.80253,1.00,1.75
2015.11.12 14:01:47.888,0.80226,0.80253,2.02,1.75
2015.11.12 14:01:48.306,0.80229,0.80253,1.00,1.75
2015.11.12 14:01:48.615,0.8023,0.80254,1.12,1.75
2015.11.12 14:01:52.540,0.8023,0.80251,1.12,1.37
2015.11.12 14:01:52.595,0.80226,0.80251,1.50,1.75
2015.11.12 14:01:53.183,0.8023,0.8025,1.00,1.50
2015.11.12 14:01:53.385,0.80225,0.8025,1.75,1.50
2015.11.12 14:01:55.954,0.80225,0.80246,1.00,1.50
2015.11.12 14:01:56.005,0.80223,0.80246,1.00,1.50
2015.11.12 14:01:56.106,0.80219,0.80246,4.87,1.00
2015.11.12 14:01:56.742,0.8022,0.80247,1.75,1.50
2015.11.12 14:01:57.637,0.8022,0.80247,2.25,1.50
2015.11.12 14:01:57.818,0.8022,0.80247,1.75,1.87
2015.11.12 14:01:58.857,0.8022,0.80246,2.25,1.00
2015.11.12 14:01:59.722,0.80222,0.80247,1.75,1.00
2015.11.12 14:01:59.774,0.80222,0.80249,1.75,1.87
2015.11.12 14:02:00.524,0.80225,0.80248,1.75,1.00
2015.11.12 14:02:01.071,0.8022,0.80247,3.00,1.00
2015.11.12 14:02:04.647,0.8022,0.80246,2.25,1.00
2015.11.12 14:02:05.342,0.8022,0.80247,2.25,1.50
2015.11.12 14:02:06.017,0.8022,0.80247,2.25,1.37
2015.11.12 14:02:06.069,0.8022,0.80247,2.25,1.75
2015.11.12 14:02:09.875,0.80226,0.80247,1.00,1.00
2015.11.12 14:02:10.179,0.80224,0.80249,2.25,1.00
2015.11.12 14:02:10.280,0.80224,0.80251,2.25,1.87
2015.11.12 14:02:10.933,0.80225,0.80249,1.75,1.00
2015.11.12 14:02:11.450,0.80223,0.8025,1.75,1.00
2015.11.12 14:02:11.953,0.80225,0.80249,1.75,1.00
2015.11.12 14:02:20.481,0.80225,0.8025,1.75,1.00
2015.11.12 14:02:21.379,0.80225,0.8025,1.75,1.00
2015.11.12 14:02:21.828,0.80227,0.80252,1.75,1.00
2015.11.12 14:02:22.593,0.80225,0.8025,2.25,1.00
2015.11.12 14:02:22.797,0.80227,0.80252,1.75,1.00
2015.11.12 14:02:23.913,0.80225,0.8025,2.25,1.00
2015.11.12 14:02:24.519,0.80225,0.8025,1.50,1.37
2015.11.12 14:02:24.620,0.80225,0.8025,1.50,1.75
2015.11.12 14:02:29.093,0.8022,0.80247,3.00,1.00
2015.11.12 14:02:29.635,0.80221,0.80249,1.75,1.50
2015.11.12 14:02:30.627,0.80222,0.80247,1.75,1.00
2015.11.12 14:02:32.680,0.80221,0.80248,1.75,1.87
2015.11.12 14:02:35.644,0.80225,0.80247,1.50,1.00
2015.11.12 14:02:36.191,0.80225,0.80249,1.50,1.50
2015.11.12 14:02:39.334,0.80226,0.80249,1.75,1.00
2015.11.12 14:02:39.392,0.80226,0.80252,1.75,1.50
2015.11.12 14:02:39.846,0.80227,0.80249,1.75,1.00
2015.11.12 14:02:40.099,0.80225,0.80248,1.87,1.50
2015.11.12 14:02:44.727,0.80219,0.80245,3.37,1.00
2015.11.12 14:02:44.929,0.80224,0.80248,1.50,1.50
2015.11.12 14:02:45.547,0.80225,0.80245,1.12,1.00
2015.11.12 14:02:45.800,0.80221,0.80244,1.12,1.50
2015.11.12 14:02:46.931,0.80215,0.80242,2.25,1.00
2015.11.12 14:02:48.764,0.80217,0.80241,1.00,1.50
2015.11.12 14:02:54.785,0.80217,0.80239,1.00,1.00
2015.11.12 14:02:55.912,0.80215,0.80239,1.50,1.87
2015.11.12 14:02:55.963,0.80215,0.80239,1.12,2.25
2015.11.12 14:02:56.634,0.80215,0.80241,1.37,2.25
2015.11.12 14:02:56.685,0.80216,0.8024,1.00,1.00
2015.11.12 14:02:58.848,0.80215,0.8024,1.12,1.75
2015.11.12 14:03:00.245,0.80211,0.80238,1.50,2.25
2015.11.12 14:03:00.296,0.80211,0.80235,1.12,1.75
2015.11.12 14:03:02.514,0.8021,0.80234,1.00,1.75
2015.11.12 14:03:03.069,0.80207,0.80233,1.50,1.75
2015.11.12 14:03:06.024,0.80206,0.80232,1.37,2.25
2015.11.12 14:03:06.075,0.80207,0.80231,1.00,1.75
2015.11.12 14:03:06.176,0.80205,0.80231,1.87,1.75
2015.11.12 14:03:06.731,0.80202,0.80229,1.50,1.50
2015.11.12 14:03:07.125,0.80205,0.80227,1.00,1.75
2015.11.12 14:03:08.142,0.802,0.80227,2.25,1.75
2015.11.12 14:03:08.244,0.802,0.80227,2.25,1.75
2015.11.12 14:03:11.447,0.80195,0.80221,1.50,1.37
2015.11.12 14:03:11.498,0.80195,0.80221,1.12,1.75
2015.11.12 14:03:11.952,0.80191,0.80214,1.37,1.37
2015.11.12 14:03:12.003,0.80191,0.80214,1.00,1.75
2015.11.12 14:03:12.570,0.80189,0.80214,1.50,1.75
2015.11.12 14:03:13.593,0.80185,0.80208,2.25,1.00
2015.11.12 14:03:13.644,0.8019,0.80208,1.00,1.00
2015.11.12 14:03:14.350,0.8019,0.8021,1.00,1.12
2015.11.12 14:03:28.932,0.80185,0.80211,2.25,1.50
2015.11.12 14:03:29.084,0.80185,0.80211,1.37,2.25
2015.11.12 14:03:29.135,0.80185,0.80207,1.00,1.00
2015.11.12 14:03:36.588,0.80183,0.80207,1.00,1.00
2015.11.12 14:03:37.237,0.80185,0.80207,1.00,1.00
2015.11.12 14:03:38.764,0.8019,0.80207,1.00,1.00
2015.11.12 14:03:38.815,0.8019,0.80214,1.00,2.25
2015.11.12 14:03:39.642,0.80189,0.80212,1.00,1.75
2015.11.12 14:03:40.315,0.8019,0.80213,1.00,1.75
2015.11.12 14:03:41.903,0.80189,0.80213,1.00,1.75
2015.11.12 14:03:45.736,0.8019,0.80211,1.00,1.50
2015.11.12 14:03:47.133,0.8019,0.80213,1.50,1.12
2015.11.12 14:03:47.438,0.8019,0.80212,1.00,1.75
2015.11.12 14:03:47.590,0.80187,0.80211,1.50,1.50
2015.11.12 14:03:48.927,0.80185,0.80208,1.75,1.00
2015.11.12 14:03:49.129,0.80185,0.80206,1.12,1.00
2015.11.12 14:03:50.731,0.8018,0.80205,1.75,1.00
2015.11.12 14:03:51.239,0.8018,0.80206,1.50,1.87
2015.11.12 14:03:51.290,0.8018,0.80206,1.50,1.75
2015.11.12 14:03:51.543,0.80181,0.80207,2.25,1.75
2015.11.12 14:03:54.383,0.80181,0.80207,2.25,1.00
2015.11.12 14:03:54.686,0.8018,0.80206,1.75,1.50
2015.11.12 14:03:54.787,0.80178,0.80201,1.75,1.00
2015.11.12 14:03:55.090,0.80176,0.80201,1.75,1.00
2015.11.12 14:03:55.636,0.8018,0.80207,2.25,1.75
2015.11.12 14:03:55.788,0.80181,0.80207,1.75,1.50
2015.11.12 14:03:58.219,0.8018,0.80206,2.25,1.37
2015.11.12 14:03:58.272,0.8018,0.80205,1.50,1.75
2015.11.12 14:03:59.910,0.8018,0.80204,2.25,1.00
2015.11.12 14:04:00.421,0.80181,0.80205,1.75,1.00
2015.11.12 14:04:00.926,0.8018,0.80204,2.25,1.00
2015.11.12 14:04:02.888,0.8018,0.80203,2.25,1.00
2015.11.12 14:04:03.598,0.80178,0.80202,1.50,1.50
2015.11.12 14:04:03.700,0.8018,0.80202,1.00,1.50
2015.11.12 14:04:04.541,0.80181,0.80202,1.00,1.00
2015.11.12 14:04:04.592,0.80182,0.80205,1.00,1.00
2015.11.12 14:04:04.694,0.80184,0.80207,1.00,1.00
2015.11.12 14:04:05.199,0.80183,0.80208,2.25,1.75
2015.11.12 14:04:09.056,0.80181,0.80205,1.75,1.00
2015.11.12 14:04:09.107,0.80181,0.80204,1.00,1.00
2015.11.12 14:04:09.208,0.8018,0.80203,1.00,1.75
2015.11.12 14:04:09.512,0.8018,0.80205,1.50,1.75
2015.11.12 14:04:09.966,0.80175,0.80201,1.75,1.75
2015.11.12 14:04:12.233,0.80172,0.802,1.75,2.25
2015.11.12 14:04:12.816,0.8017,0.80194,1.75,1.00
2015.11.12 14:04:13.320,0.8017,0.80195,2.25,1.00
2015.11.12 14:04:13.835,0.8017,0.80197,1.75,1.50
2015.11.12 14:04:16.258,0.80176,0.80199,1.00,1.00
2015.11.12 14:04:16.763,0.80176,0.80198,1.00,1.00
2015.11.12 14:04:17.628,0.80176,0.80197,1.00,1.00
2015.11.12 14:04:18.158,0.80176,0.80196,1.00,1.00
2015.11.12 14:04:19.284,0.80176,0.80194,1.00,1.00
2015.11.12 14:04:19.443,0.8017,0.80193,3.00,1.00
2015.11.12 14:04:19.847,0.8017,0.80195,3.00,1.12
2015.11.12 14:04:23.965,0.80173,0.80198,2.25,1.00
2015.11.12 14:04:24.470,0.80175,0.80199,3.00,1.12
2015.11.12 14:04:34.795,0.80175,0.80198,1.75,1.00
2015.11.12 14:04:35.100,0.8017,0.80195,1.75,1.00
2015.11.12 14:04:35.616,0.8017,0.80197,1.75,1.50
2015.11.12 14:04:36.022,0.80169,0.80194,1.75,1.00
2015.11.12 14:04:36.174,0.80168,0.80194,1.75,1.50
2015.11.12 14:04:40.428,0.80172,0.80199,1.00,1.75
2015.11.12 14:04:41.129,0.80171,0.80198,1.12,1.75
2015.11.12 14:04:41.691,0.80175,0.80198,1.00,1.75
2015.11.12 14:04:41.843,0.80175,0.80199,1.00,1.75
2015.11.12 14:04:42.831,0.80173,0.802,1.50,1.75
2015.11.12 14:04:43.383,0.80175,0.80201,1.00,3.00
2015.11.12 14:04:43.485,0.80175,0.80201,1.87,1.50
2015.11.12 14:04:43.536,0.80175,0.80201,2.25,1.50
2015.11.12 14:04:50.367,0.80176,0.80201,1.37,1.50
2015.11.12 14:04:50.418,0.80173,0.802,1.50,1.75
2015.11.12 14:04:52.391,0.80175,0.80199,1.50,1.37
2015.11.12 14:04:52.442,0.80175,0.80199,1.75,1.00
2015.11.12 14:04:52.898,0.80175,0.80199,1.37,1.37
2015.11.12 14:04:52.949,0.80175,0.80199,1.12,1.75
2015.11.12 14:04:54.635,0.8017,0.80197,2.25,1.75
2015.11.12 14:04:56.752,0.80167,0.80194,1.50,1.75
2015.11.12 14:04:59.932,0.8017,0.80193,1.00,1.37
2015.11.12 14:04:59.983,0.8017,0.80195,1.37,1.50
2015.11.12 14:05:03.604,0.8017,0.80197,2.25,1.37
2015.11.12 14:05:03.654,0.8017,0.80197,2.25,1.12
2015.11.12 14:05:04.545,0.80175,0.80197,1.12,1.50
2015.11.12 14:05:04.596,0.8017,0.80197,1.75,1.75
2015.11.12 14:05:04.748,0.80167,0.80192,1.37,1.37
2015.11.12 14:05:04.799,0.80167,0.80192,1.12,1.75
2015.11.12 14:05:05.537,0.80165,0.80188,1.50,1.00
2015.11.12 14:05:06.084,0.8016,0.80184,1.75,1.00
2015.11.12 14:05:06.625,0.80159,0.80184,2.25,1.00
2015.11.12 14:05:07.578,0.8016,0.80185,1.75,1.12
2015.11.12 14:05:07.881,0.8016,0.80187,3.00,1.00
2015.11.12 14:05:08.683,0.80161,0.80186,1.75,1.00
2015.11.12 14:05:08.936,0.80161,0.80188,1.75,1.12
2015.11.12 14:05:08.987,0.80161,0.80188,3.00,1.00
2015.11.12 14:05:10.438,0.8016,0.80188,2.25,1.12
2015.11.12 14:05:10.983,0.8016,0.80187,3.00,1.00
2015.11.12 14:05:11.524,0.80165,0.80188,1.37,1.12
2015.11.12 14:05:13.607,0.8016,0.80186,1.75,1.50
2015.11.12 14:05:14.294,0.80157,0.80184,2.25,1.75
2015.11.12 14:05:17.609,0.8016,0.80184,1.50,1.37
2015.11.12 14:05:18.013,0.80158,0.80184,1.50,1.37
2015.11.12 14:05:18.064,0.80156,0.80182,1.75,1.75
2015.11.12 14:05:18.517,0.80156,0.80182,1.75,1.37
2015.11.12 14:05:18.719,0.80155,0.80184,2.25,2.02
2015.11.12 14:05:19.669,0.80155,0.80181,2.25,1.00
2015.11.12 14:05:19.973,0.80155,0.8018,1.75,1.50
2015.11.12 14:05:20.524,0.80152,0.80178,2.25,1.00
2015.11.12 14:05:21.140,0.80155,0.80177,1.75,1.00
2015.11.12 14:05:21.678,0.80151,0.80178,2.25,1.00
2015.11.12 14:05:22.032,0.80151,0.80178,1.75,1.37
2015.11.12 14:05:22.083,0.80151,0.80178,1.75,1.75
2015.11.12 14:05:22.134,0.8015,0.80176,2.25,1.37
2015.11.12 14:05:22.185,0.8015,0.80174,2.25,1.00
2015.11.12 14:05:24.323,0.8015,0.80173,1.50,1.00
2015.11.12 14:05:24.843,0.8015,0.80173,1.12,1.37
2015.11.12 14:05:25.146,0.80146,0.80173,1.75,1.75
2015.11.12 14:05:25.538,0.80144,0.80167,1.75,1.00
2015.11.12 14:05:25.589,0.80145,0.80167,1.00,1.00
2015.11.12 14:05:26.100,0.80145,0.80169,1.00,1.50
2015.11.12 14:05:27.553,0.80144,0.80171,1.87,2.25
2015.11.12 14:05:28.062,0.80145,0.80171,1.00,2.25
2015.11.12 14:05:28.895,0.80145,0.80165,1.50,1.00
2015.11.12 14:05:29.408,0.80145,0.80163,1.00,1.00
2015.11.12 14:05:30.454,0.80143,0.80163,1.50,1.00
2015.11.12 14:05:30.974,0.80145,0.80163,1.00,1.00
2015.11.12 14:05:31.586,0.80135,0.80148,1.00,1.00
2015.11.12 14:05:31.642,0.80129,0.80146,1.00,1.00
2015.11.12 14:05:31.793,0.80125,0.80144,1.75,1.00
2015.11.12 14:05:31.895,0.80125,0.8015,1.75,1.12
2015.11.12 14:05:31.945,0.80125,0.8015,1.50,1.37
2015.11.12 14:05:31.996,0.80122,0.80149,1.75,1.75
2015.11.12 14:05:33.793,0.80125,0.80147,1.00,1.75
2015.11.12 14:05:33.996,0.80125,0.80147,1.12,1.50
2015.11.12 14:05:34.612,0.8013,0.80151,1.00,2.25
2015.11.12 14:05:34.785,0.8013,0.80151,1.12,1.00
2015.11.12 14:05:35.298,0.80132,0.80153,1.00,1.00
2015.11.12 14:05:35.842,0.80132,0.80154,1.00,1.00
2015.11.12 14:05:36.145,0.80122,0.80148,1.75,1.50
2015.11.12 14:05:36.452,0.8012,0.80144,1.75,1.12
2015.11.12 14:05:36.754,0.80125,0.80142,1.00,1.00
2015.11.12 14:05:36.855,0.80119,0.80139,1.00,1.00
2015.11.12 14:05:36.906,0.80116,0.80139,1.12,1.50
2015.11.12 14:05:37.549,0.80108,0.80129,1.00,1.00
2015.11.12 14:05:37.701,0.80111,0.80134,1.12,1.50
2015.11.12 14:05:38.416,0.80105,0.80132,2.25,1.75
2015.11.12 14:05:40.024,0.8011,0.80135,1.00,1.75
2015.11.12 14:05:40.826,0.80114,0.8014,1.00,2.77
2015.11.12 14:05:40.928,0.80116,0.80137,1.00,1.00
2015.11.12 14:05:41.390,0.80116,0.80139,1.00,1.50
2015.11.12 14:05:41.564,0.80116,0.80137,1.00,1.00
2015.11.12 14:05:42.101,0.80118,0.80139,1.00,1.00
2015.11.12 14:05:43.781,0.80116,0.80138,1.00,1.00
2015.11.12 14:05:45.190,0.80116,0.80139,1.50,1.00
2015.11.12 14:05:45.244,0.8012,0.80142,1.00,1.00
2015.11.12 14:05:45.547,0.8012,0.80148,1.75,1.50
2015.11.12 14:05:46.204,0.80125,0.80151,2.25,1.50
2015.11.12 14:05:47.509,0.80125,0.80149,1.75,1.00
2015.11.12 14:05:48.195,0.80128,0.80154,1.50,1.75
2015.11.12 14:05:51.611,0.8013,0.80154,1.00,1.75
2015.11.12 14:05:52.181,0.80129,0.80154,1.12,1.75
2015.11.12 14:05:52.434,0.80126,0.80153,1.75,1.12
2015.11.12 14:05:52.484,0.80125,0.8015,1.75,1.00
2015.11.12 14:05:52.944,0.80125,0.80151,2.25,1.50
2015.11.12 14:05:57.346,0.80125,0.80151,1.12,1.75
2015.11.12 14:06:00.054,0.80125,0.80147,1.00,1.75
2015.11.12 14:06:00.403,0.8012,0.80147,2.25,1.75
2015.11.12 14:06:03.852,0.80117,0.80143,1.75,1.75
2015.11.12 14:06:04.443,0.80116,0.80142,1.50,1.75
2015.11.12 14:06:05.552,0.80115,0.8014,1.00,2.25
2015.11.12 14:06:07.514,0.80114,0.80138,1.00,1.75
2015.11.12 14:06:07.986,0.8011,0.80134,1.50,1.75
2015.11.12 14:06:09.729,0.8011,0.80135,1.75,1.37
2015.11.12 14:06:09.779,0.80111,0.80138,1.75,1.75
2015.11.12 14:06:10.888,0.8011,0.80136,1.87,1.75
2015.11.12 14:06:11.715,0.80112,0.80138,1.00,2.02
2015.11.12 14:06:12.251,0.80116,0.80142,1.00,1.75
2015.11.12 14:06:12.771,0.80115,0.80142,1.87,1.75
2015.11.12 14:06:13.444,0.80116,0.80143,1.00,2.25
2015.11.12 14:06:13.495,0.80116,0.80143,1.75,2.25
2015.11.12 14:06:16.569,0.80116,0.80142,1.75,1.00
2015.11.12 14:06:17.090,0.80115,0.80141,2.25,2.02
2015.11.12 14:06:17.746,0.80115,0.80139,1.75,1.00
2015.11.12 14:06:19.310,0.8012,0.80141,1.00,1.75
2015.11.12 14:06:19.361,0.80122,0.80148,1.75,1.75
2015.11.12 14:06:19.514,0.80124,0.80151,1.75,2.62
2015.11.12 14:06:20.019,0.80123,0.80149,1.75,1.00
2015.11.12 14:06:20.661,0.80124,0.80151,1.75,2.25
2015.11.12 14:06:22.787,0.80125,0.80151,2.25,1.37
2015.11.12 14:06:23.850,0.8013,0.80151,1.00,1.50
2015.11.12 14:06:25.309,0.8013,0.80154,1.75,1.50
2015.11.12 14:06:25.801,0.80135,0.80157,1.00,1.75
2015.11.12 14:06:25.902,0.8013,0.80157,2.25,1.75
2015.11.12 14:06:26.491,0.8013,0.80156,2.25,1.37
2015.11.12 14:06:26.542,0.8013,0.80156,2.25,1.12
2015.11.12 14:06:27.122,0.80135,0.80157,1.00,1.50
2015.11.12 14:06:28.127,0.80134,0.80157,1.12,1.50
2015.11.12 14:06:29.346,0.80136,0.80162,1.75,1.50
2015.11.12 14:06:30.709,0.80136,0.80162,1.50,1.75
2015.11.12 14:06:35.239,0.8014,0.80163,1.00,1.75
2015.11.12 14:06:35.794,0.80137,0.80164,1.12,2.25
2015.11.12 14:06:36.636,0.80135,0.80161,1.50,3.75
2015.11.12 14:06:36.737,0.80135,0.80158,1.50,1.50
2015.11.12 14:06:36.839,0.80131,0.80158,1.12,2.25
2015.11.12 14:06:37.803,0.80133,0.80157,1.00,1.75
2015.11.12 14:06:38.251,0.80133,0.80157,1.00,2.25
2015.11.12 14:06:38.588,0.80131,0.80157,1.00,2.25
2015.11.12 14:06:39.979,0.80132,0.80157,1.00,2.25
2015.11.12 14:06:40.888,0.80133,0.80157,1.00,3.00
2015.11.12 14:06:42.421,0.80131,0.80156,1.00,3.75
2015.11.12 14:06:43.265,0.8013,0.80155,1.00,3.00
2015.11.12 14:06:43.316,0.80127,0.80153,1.00,2.25
2015.11.12 14:06:43.820,0.80124,0.80151,1.37,1.75
2015.11.12 14:06:43.870,0.80123,0.80149,1.00,1.75
2015.11.12 14:06:44.124,0.8012,0.80145,1.37,1.75
2015.11.12 14:06:44.175,0.80115,0.80143,1.50,2.25
2015.11.12 14:06:45.044,0.80113,0.80139,1.37,1.75
2015.11.12 14:06:45.095,0.80113,0.80139,1.12,2.25
2015.11.12 14:06:45.146,0.80115,0.80139,1.00,2.25
2015.11.12 14:06:45.572,0.80113,0.80139,1.12,2.25
2015.11.12 14:06:47.791,0.80114,0.8014,1.00,1.75
2015.11.12 14:06:48.193,0.80115,0.8014,1.37,1.75
2015.11.12 14:06:48.703,0.80115,0.8014,1.50,1.75
2015.11.12 14:06:49.055,0.80115,0.80135,1.50,1.00
2015.11.12 14:06:49.650,0.80115,0.8014,1.50,1.75
2015.11.12 14:06:49.700,0.80114,0.8014,1.37,2.25
2015.11.12 14:06:50.386,0.80114,0.8014,1.00,2.25
2015.11.12 14:06:52.548,0.80115,0.8014,1.00,1.75
2015.11.12 14:06:53.757,0.80113,0.80139,1.12,1.75
2015.11.12 14:06:58.825,0.8011,0.80136,1.50,1.50
2015.11.12 14:06:58.876,0.8011,0.80136,1.12,1.75
2015.11.12 14:06:59.809,0.80104,0.80129,1.87,1.37
2015.11.12 14:06:59.860,0.80104,0.80129,1.87,1.50
2015.11.12 14:07:00.381,0.80103,0.80127,1.75,1.00
2015.11.12 14:07:01.996,0.801,0.80126,2.62,1.00
2015.11.12 14:07:05.565,0.80099,0.80126,2.62,1.50
2015.11.12 14:07:05.777,0.80099,0.80126,4.12,1.00
2015.11.12 14:07:06.921,0.80099,0.80124,3.37,1.00
2015.11.12 14:07:07.174,0.80099,0.80118,1.00,1.00
2015.11.12 14:07:07.275,0.80094,0.80121,2.62,1.12
2015.11.12 14:07:07.659,0.80094,0.80121,4.12,1.00
2015.11.12 14:07:07.760,0.80094,0.80121,2.62,1.75
2015.11.12 14:07:07.962,0.80096,0.80121,1.75,1.00
2015.11.12 14:07:08.488,0.80095,0.8012,2.25,1.00
2015.11.12 14:07:09.035,0.80094,0.80119,1.12,1.12
2015.11.12 14:07:09.085,0.80095,0.80117,1.12,1.37
2015.11.12 14:07:10.903,0.8009,0.80115,1.75,1.00
2015.11.12 14:07:11.055,0.80089,0.80115,1.12,1.37
2015.11.12 14:07:11.107,0.80089,0.80115,1.12,1.75
2015.11.12 14:07:11.502,0.8009,0.80116,2.25,1.12
2015.11.12 14:07:11.994,0.8009,0.80114,1.75,1.00
2015.11.12 14:07:14.583,0.80091,0.80114,3.00,1.00
2015.11.12 14:07:14.634,0.80092,0.80117,1.75,1.00
2015.11.12 14:07:14.685,0.80092,0.80117,1.75,1.12
2015.11.12 14:07:15.000,0.80092,0.80116,1.50,1.00
2015.11.12 14:07:15.522,0.80092,0.80115,1.00,1.00
2015.11.12 14:07:16.419,0.80089,0.80115,1.12,1.00
2015.11.12 14:07:16.721,0.80089,0.80115,1.87,1.87
2015.11.12 14:07:17.175,0.8009,0.80115,1.75,1.00
2015.11.12 14:07:18.192,0.8009,0.80118,1.75,1.87
2015.11.12 14:07:18.293,0.8009,0.80114,1.87,1.00
2015.11.12 14:07:18.999,0.80093,0.80114,2.25,1.00
2015.11.12 14:07:19.848,0.80093,0.80117,3.00,1.00
2015.11.12 14:07:20.548,0.80093,0.80115,3.00,1.00
2015.11.12 14:07:20.599,0.80093,0.80115,1.12,1.00
2015.11.12 14:07:21.055,0.80096,0.80117,1.75,1.00
2015.11.12 14:07:21.207,0.80096,0.80117,1.75,1.00
2015.11.12 14:07:21.409,0.80098,0.80121,1.75,1.00
2015.11.12 14:07:21.460,0.80098,0.80123,1.75,1.00
2015.11.12 14:07:21.612,0.80099,0.80121,1.75,1.00
2015.11.12 14:07:22.333,0.80096,0.80117,1.75,1.00
2015.11.12 14:07:23.864,0.80094,0.80117,1.75,1.00
2015.11.12 14:07:24.339,0.80096,0.8012,1.75,1.00
2015.11.12 14:07:24.440,0.80098,0.8012,1.75,1.00
2015.11.12 14:07:28.943,0.80096,0.8012,1.75,1.00
2015.11.12 14:07:29.044,0.80096,0.80117,1.75,1.00
2015.11.12 14:07:30.054,0.80093,0.80115,1.75,1.00
2015.11.12 14:07:30.432,0.80093,0.80115,1.00,1.75
2015.11.12 14:07:30.958,0.80089,0.80112,1.12,1.00
2015.11.12 14:07:31.311,0.80089,0.80109,1.12,1.00
2015.11.12 14:07:31.563,0.80085,0.80105,1.50,1.00
2015.11.12 14:07:31.979,0.80082,0.80107,1.75,1.00
2015.11.12 14:07:32.694,0.80081,0.80105,3.00,1.00
2015.11.12 14:07:33.280,0.80081,0.80102,2.25,1.00
2015.11.12 14:07:33.685,0.80074,0.80097,1.75,1.00
2015.11.12 14:07:33.792,0.80072,0.80095,1.75,1.00
2015.11.12 14:07:33.843,0.80074,0.80095,1.50,1.00
2015.11.12 14:07:34.095,0.80072,0.80092,1.75,1.00
2015.11.12 14:07:34.452,0.8007,0.80092,2.25,1.00
2015.11.12 14:07:34.503,0.80071,0.8009,1.50,1.00
2015.11.12 14:07:35.058,0.8007,0.80095,1.75,1.87
2015.11.12 14:07:35.312,0.80072,0.80097,1.75,1.12
2015.11.12 14:07:37.247,0.80071,0.80098,4.87,1.87
2015.11.12 14:07:38.081,0.80075,0.801,1.75,1.12
2015.11.12 14:07:38.353,0.80073,0.80098,1.50,1.37
2015.11.12 14:07:38.454,0.80071,0.80095,1.37,1.50
2015.11.12 14:07:38.555,0.80065,0.80093,2.25,1.75
2015.11.12 14:07:39.859,0.80068,0.80095,1.75,1.50
2015.11.12 14:07:40.372,0.80074,0.80098,1.00,1.75
2015.11.12 14:07:41.063,0.80068,0.80094,1.75,1.12
2015.11.12 14:07:43.932,0.8007,0.80096,1.75,1.37
2015.11.12 14:07:43.983,0.8007,0.80096,1.75,1.00
2015.11.12 14:07:45.340,0.80072,0.80098,1.75,1.50
2015.11.12 14:07:46.134,0.80072,0.80098,1.50,1.75
2015.11.12 14:07:46.185,0.80072,0.80098,1.50,1.75
2015.11.12 14:07:53.996,0.80068,0.80094,1.75,1.00
2015.11.12 14:07:54.580,0.80069,0.80095,1.75,1.12
2015.11.12 14:07:55.600,0.8007,0.80097,1.75,1.12
2015.11.12 14:07:57.170,0.80074,0.801,1.75,1.50
2015.11.12 14:07:57.574,0.80071,0.80096,2.25,1.00
2015.11.12 14:07:57.625,0.8007,0.80096,1.75,1.00
2015.11.12 14:07:58.656,0.80071,0.80097,1.12,1.12
2015.11.12 14:08:00.573,0.80076,0.80098,3.00,1.37
2015.11.12 14:08:00.624,0.8008,0.80105,1.75,1.00
2015.11.12 14:08:01.177,0.80079,0.80106,1.75,1.12
2015.11.12 14:08:05.409,0.80084,0.80107,1.87,1.00
2015.11.12 14:08:05.712,0.80089,0.8011,1.00,1.00
2015.11.12 14:08:06.844,0.80089,0.80115,1.75,1.87
2015.11.12 14:08:07.147,0.80093,0.8012,1.75,1.75
2015.11.12 14:08:07.692,0.80092,0.80119,1.75,1.37
2015.11.12 14:08:08.254,0.80092,0.80118,2.25,1.00
2015.11.12 14:08:08.770,0.80091,0.80117,4.50,1.00
2015.11.12 14:08:09.419,0.80092,0.80118,1.75,1.00
2015.11.12 14:08:11.925,0.80091,0.80118,2.25,1.50
2015.11.12 14:08:11.976,0.80091,0.80115,1.75,1.00
2015.11.12 14:08:13.828,0.80088,0.80114,3.00,1.12
2015.11.12 14:08:13.879,0.80088,0.80114,1.75,1.50
2015.11.12 14:08:13.929,0.80088,0.8011,1.75,1.00
2015.11.12 14:08:14.941,0.80085,0.80109,1.75,1.00
2015.11.12 14:08:15.963,0.80089,0.8011,1.75,1.00
2015.11.12 14:08:16.031,0.80089,0.80113,1.75,1.50
2015.11.12 14:08:16.334,0.80089,0.8011,1.75,1.00
2015.11.12 14:08:16.691,0.80089,0.80113,1.75,1.50
2015.11.12 14:08:17.340,0.8009,0.80111,1.50,1.00
2015.11.12 14:08:17.845,0.80087,0.8011,1.75,1.50
2015.11.12 14:08:19.348,0.80087,0.80111,1.75,1.00
2015.11.12 14:08:20.027,0.80087,0.8011,1.75,1.00
2015.11.12 14:08:21.227,0.80087,0.80111,1.75,1.00
2015.11.12 14:08:22.618,0.80085,0.80111,3.75,1.00
2015.11.12 14:08:22.770,0.80087,0.80113,1.75,1.00
2015.11.12 14:08:22.999,0.80087,0.80113,2.25,1.50
2015.11.12 14:08:25.163,0.80086,0.8011,1.75,1.00
2015.11.12 14:08:26.177,0.80085,0.8011,1.75,1.50
2015.11.12 14:08:26.918,0.80084,0.80106,1.75,1.00
2015.11.12 14:08:27.220,0.80085,0.8011,1.75,1.37
2015.11.12 14:08:27.271,0.80085,0.80113,3.00,1.00
2015.11.12 14:08:27.677,0.80089,0.80115,1.75,1.50
2015.11.12 14:08:28.082,0.80092,0.80115,1.00,2.25
2015.11.12 14:08:28.695,0.80092,0.80114,1.00,1.00
2015.11.12 14:08:29.311,0.80092,0.8011,1.00,1.00
2015.11.12 14:08:30.531,0.80086,0.8011,1.75,1.00
2015.11.12 14:08:30.632,0.80085,0.8011,1.75,1.50
2015.11.12 14:08:32.522,0.80084,0.80108,1.00,1.00
2015.11.12 14:08:32.775,0.80084,0.80106,1.00,1.00
2015.11.12 14:08:33.078,0.80079,0.80104,1.75,1.12
2015.11.12 14:08:33.624,0.80076,0.80103,2.25,1.00
2015.11.12 14:08:34.169,0.80077,0.80104,2.25,1.12
2015.11.12 14:08:34.583,0.80077,0.80104,2.25,1.37
2015.11.12 14:08:35.437,0.80073,0.80095,1.75,1.00
2015.11.12 14:08:35.488,0.80072,0.80095,1.75,1.00
2015.11.12 14:08:36.011,0.80073,0.80096,1.75,1.00
2015.11.12 14:08:36.551,0.80073,0.80095,1.75,1.00
2015.11.12 14:08:37.116,0.80073,0.80095,1.37,1.37
2015.11.12 14:08:37.167,0.80073,0.80095,1.00,1.75
2015.11.12 14:08:37.525,0.80073,0.80096,1.75,1.12
2015.11.12 14:08:37.727,0.80072,0.80095,1.75,1.00
2015.11.12 14:08:38.139,0.80072,0.80099,2.25,1.12
2015.11.12 14:08:38.349,0.80072,0.80095,3.00,1.00
2015.11.12 14:08:38.551,0.80072,0.80095,1.75,1.12
2015.11.12 14:08:39.668,0.80068,0.80094,1.75,1.00
2015.11.12 14:08:39.920,0.80066,0.80093,1.75,1.37
2015.11.12 14:08:39.971,0.80066,0.80093,1.75,1.75
2015.11.12 14:08:40.223,0.80065,0.8009,1.75,1.37
2015.11.12 14:08:40.274,0.80065,0.8009,1.50,1.50
2015.11.12 14:08:40.526,0.80065,0.8009,1.50,1.12
2015.11.12 14:08:41.055,0.80067,0.80094,2.25,1.50
2015.11.12 14:08:41.703,0.80068,0.80095,1.75,1.37
2015.11.12 14:08:42.005,0.80069,0.80096,1.75,1.87
2015.11.12 14:08:42.521,0.80069,0.80095,1.75,1.00
2015.11.12 14:08:44.410,0.80067,0.80094,3.00,1.00
2015.11.12 14:08:44.461,0.80067,0.80094,1.75,1.50
2015.11.12 14:08:44.512,0.80067,0.80094,1.75,1.50
2015.11.12 14:08:44.563,0.80067,0.80094,1.75,1.75
2015.11.12 14:08:44.614,0.80067,0.8009,1.37,1.37
2015.11.12 14:08:44.666,0.80063,0.8009,3.00,2.25
2015.11.12 14:08:44.868,0.80063,0.80085,2.25,1.00
2015.11.12 14:08:44.969,0.80063,0.8009,2.25,2.25
2015.11.12 14:08:45.172,0.80063,0.80085,2.25,1.00
2015.11.12 14:08:45.686,0.80061,0.80085,1.12,1.75
2015.11.12 14:08:46.191,0.80065,0.80085,1.00,1.75
2015.11.12 14:08:46.292,0.8006,0.80085,1.50,1.75
2015.11.12 14:08:47.560,0.80059,0.80085,1.87,2.25
2015.11.12 14:08:47.863,0.80055,0.8008,2.25,1.75
2015.11.12 14:08:51.746,0.80056,0.80082,1.37,1.50
2015.11.12 14:08:51.797,0.80059,0.80082,1.00,1.50
2015.11.12 14:08:53.428,0.80059,0.8008,1.00,1.50
2015.11.12 14:08:53.982,0.80054,0.8008,1.75,1.50
2015.11.12 14:08:55.160,0.80057,0.80083,1.37,1.50
2015.11.12 14:08:55.211,0.80059,0.80085,1.75,2.25
2015.11.12 14:08:55.379,0.80059,0.8008,1.75,1.00
2015.11.12 14:08:55.531,0.80059,0.80085,1.75,2.25
2015.11.12 14:08:57.334,0.80059,0.8008,1.75,1.00
2015.11.12 14:08:59.690,0.80059,0.80081,1.75,1.00
2015.11.12 14:09:00.010,0.80059,0.80081,1.12,1.50
2015.11.12 14:09:00.161,0.80053,0.80079,3.00,1.37
2015.11.12 14:09:00.212,0.80055,0.80079,1.37,1.50
2015.11.12 14:09:01.879,0.80054,0.80081,1.75,1.37
2015.11.12 14:09:01.980,0.80057,0.80083,1.75,1.50
2015.11.12 14:09:02.663,0.80056,0.80083,3.00,1.00
2015.11.12 14:09:03.191,0.80056,0.80082,3.00,1.00
2015.11.12 14:09:03.886,0.80057,0.80078,1.50,1.00
2015.11.12 14:09:03.989,0.80052,0.80074,1.75,1.00
2015.11.12 14:09:04.093,0.80052,0.80078,1.75,1.50
2015.11.12 14:09:04.548,0.80052,0.80075,1.75,1.00
2015.11.12 14:09:05.162,0.80052,0.80077,1.75,1.12
2015.11.12 14:09:08.199,0.80052,0.80078,1.75,1.00
2015.11.12 14:09:08.410,0.80052,0.80075,1.75,1.00
2015.11.12 14:09:08.950,0.8005,0.80076,2.25,1.87
2015.11.12 14:09:09.572,0.8005,0.80075,2.25,1.00
2015.11.12 14:09:10.433,0.80048,0.80075,2.25,1.37
2015.11.12 14:09:10.535,0.80048,0.80075,2.25,1.75
2015.11.12 14:09:12.810,0.80048,0.80072,1.75,1.00
2015.11.12 14:09:12.912,0.80048,0.80072,1.12,1.75
2015.11.12 14:09:14.120,0.80049,0.80075,1.00,1.75
2015.11.12 14:09:14.768,0.80048,0.80075,1.87,2.25
2015.11.12 14:09:14.902,0.80048,0.80075,1.87,2.25
2015.11.12 14:09:15.577,0.80049,0.80075,1.75,1.75
2015.11.12 14:09:17.329,0.80049,0.80075,1.75,1.12
2015.11.12 14:09:18.642,0.80046,0.8007,2.25,1.00
2015.11.12 14:09:18.693,0.80045,0.8007,2.25,1.00
2015.11.12 14:09:18.860,0.80046,0.80069,1.00,1.00
2015.11.12 14:09:19.434,0.80045,0.80072,2.25,1.50
2015.11.12 14:09:19.947,0.80049,0.80074,3.00,1.00
2015.11.12 14:09:20.439,0.80047,0.80073,1.75,1.12
2015.11.12 14:09:23.279,0.80045,0.80072,2.25,1.00
2015.11.12 14:09:23.381,0.80045,0.80071,1.75,1.75
2015.11.12 14:09:23.695,0.80044,0.80071,1.87,1.75
2015.11.12 14:09:24.074,0.80044,0.8007,1.00,2.25
2015.11.12 14:09:24.125,0.80042,0.80069,1.87,1.75
2015.11.12 14:09:29.260,0.80038,0.80065,1.50,1.75
2015.11.12 14:09:29.563,0.80041,0.80065,1.00,1.75
2015.11.12 14:09:29.913,0.80039,0.80065,1.12,1.75
2015.11.12 14:09:30.266,0.80036,0.80063,1.00,1.75
2015.11.12 14:09:30.568,0.80038,0.8006,1.75,1.00
2015.11.12 14:09:30.619,0.80041,0.80065,1.50,1.75
2015.11.12 14:09:32.179,0.80039,0.80066,1.75,1.87
2015.11.12 14:09:32.854,0.80041,0.80065,1.00,1.00
2015.11.12 14:09:33.307,0.80039,0.80065,1.75,1.00
2015.11.12 14:09:33.812,0.80039,0.80068,2.25,1.75
2015.11.12 14:09:34.193,0.80039,0.80066,2.25,1.75
2015.11.12 14:09:34.700,0.80038,0.80065,1.12,1.75
2015.11.12 14:09:35.357,0.80039,0.80066,1.00,3.00
2015.11.12 14:09:35.671,0.80041,0.80067,1.00,2.25
2015.11.12 14:09:36.125,0.80037,0.80064,1.87,1.75
2015.11.12 14:09:36.277,0.80034,0.8006,1.37,1.75
2015.11.12 14:09:36.803,0.80032,0.80055,1.75,1.00
2015.11.12 14:09:37.005,0.80035,0.80061,1.75,1.75
2015.11.12 14:09:37.999,0.8004,0.80066,1.00,1.75
2015.11.12 14:09:38.050,0.8004,0.80066,1.75,1.12
2015.11.12 14:09:38.555,0.80038,0.80064,1.87,1.00
2015.11.12 14:09:39.683,0.80039,0.80065,1.75,1.00
2015.11.12 14:09:40.091,0.8004,0.80063,1.00,1.00
2015.11.12 14:09:41.627,0.8004,0.80062,1.00,1.00
2015.11.12 14:09:42.007,0.80035,0.80062,1.75,1.75
2015.11.12 14:09:42.422,0.80033,0.8006,1.75,2.25
2015.11.12 14:09:43.563,0.80034,0.80061,1.75,1.75
2015.11.12 14:09:45.282,0.80041,0.80065,1.00,1.75
2015.11.12 14:09:45.849,0.80042,0.80069,1.12,1.75
2015.11.12 14:09:45.900,0.80042,0.80065,1.50,1.37
2015.11.12 14:09:45.950,0.80042,0.80065,1.75,1.00
2015.11.12 14:09:46.607,0.80042,0.80069,1.75,1.75
2015.11.12 14:09:48.499,0.80044,0.80071,1.75,2.25
2015.11.12 14:09:48.550,0.80044,0.80071,1.75,2.25
2015.11.12 14:09:49.765,0.80044,0.80071,1.75,1.00
2015.11.12 14:09:50.306,0.80046,0.8007,1.75,1.00
2015.11.12 14:09:51.067,0.80043,0.8007,1.75,1.87
2015.11.12 14:09:51.611,0.80041,0.80068,2.25,1.12
2015.11.12 14:09:51.662,0.80041,0.80068,2.25,1.50
2015.11.12 14:09:52.866,0.80041,0.80066,1.75,1.00
2015.11.12 14:09:53.367,0.80042,0.8007,1.75,1.75
2015.11.12 14:09:54.726,0.80044,0.8007,1.75,1.37
2015.11.12 14:09:54.777,0.80044,0.8007,1.75,1.12
2015.11.12 14:09:57.088,0.80048,0.80074,1.37,1.75
2015.11.12 14:09:57.139,0.80047,0.80074,1.75,2.25
2015.11.12 14:10:00.395,0.80049,0.80075,1.75,1.00
2015.11.12 14:10:00.773,0.80046,0.80073,4.50,1.00
2015.11.12 14:10:00.875,0.80046,0.80073,3.00,1.50
2015.11.12 14:10:01.877,0.8005,0.80077,1.50,1.50
2015.11.12 14:10:01.927,0.8005,0.80077,1.75,1.50
2015.11.12 14:10:02.332,0.80049,0.80075,1.50,1.37
2015.11.12 14:10:02.383,0.80049,0.80075,1.50,1.75
2015.11.12 14:10:03.764,0.80049,0.80076,1.75,1.75
2015.11.12 14:10:03.815,0.80049,0.80076,1.75,1.75
2015.11.12 14:10:12.295,0.80046,0.80074,2.25,1.50
2015.11.12 14:10:12.346,0.80046,0.80072,1.75,1.50
2015.11.12 14:10:12.498,0.80043,0.80072,2.25,1.75
2015.11.12 14:10:12.749,0.80043,0.80072,2.25,1.75
2015.11.12 14:10:26.305,0.80044,0.80071,1.75,1.37
2015.11.12 14:10:26.356,0.80042,0.8007,3.00,1.00
2015.11.12 14:10:26.860,0.80044,0.80073,1.75,1.75
2015.11.12 14:10:28.448,0.80047,0.80073,1.75,1.37
2015.11.12 14:10:28.500,0.80048,0.80075,1.75,1.87
2015.11.12 14:10:28.551,0.80048,0.80075,1.75,1.37
2015.11.12 14:10:28.754,0.8005,0.80077,1.75,1.12
2015.11.12 14:10:28.856,0.80049,0.80075,1.75,1.00
2015.11.12 14:10:30.054,0.80047,0.80074,3.75,1.00
2015.11.12 14:10:30.206,0.80046,0.80073,1.75,1.75
2015.11.12 14:10:32.729,0.80046,0.80073,3.00,1.37
2015.11.12 14:10:32.830,0.80046,0.80073,3.00,1.00
2015.11.12 14:10:33.032,0.8005,0.80077,2.25,1.75
2015.11.12 14:10:33.133,0.80056,0.80081,1.00,1.87
2015.11.12 14:10:33.336,0.80055,0.80085,1.75,2.25
2015.11.12 14:10:33.739,0.80055,0.80085,1.75,2.25
2015.11.12 14:10:34.347,0.80057,0.80083,1.75,1.37
2015.11.12 14:10:34.448,0.80057,0.80084,1.75,1.00
2015.11.12 14:10:35.075,0.80058,0.80085,1.75,1.12
2015.11.12 14:10:35.126,0.80057,0.80083,1.75,1.00
2015.11.12 14:10:36.103,0.80056,0.80083,2.25,1.50
2015.11.12 14:10:36.802,0.80062,0.80085,1.00,1.00
2015.11.12 14:10:36.853,0.80059,0.80085,1.87,1.37
2015.11.12 14:10:36.904,0.80059,0.80085,1.12,1.75
2015.11.12 14:10:37.415,0.80055,0.8008,1.75,1.00
2015.11.12 14:10:38.040,0.80054,0.80081,1.75,1.12
2015.11.12 14:10:38.575,0.80053,0.8008,2.25,1.00
2015.11.12 14:10:39.504,0.80053,0.80079,1.75,1.00
2015.11.12 14:10:39.606,0.80053,0.80081,1.75,1.12
2015.11.12 14:10:39.757,0.80053,0.80081,3.00,1.12
2015.11.12 14:10:40.296,0.80054,0.80083,3.75,1.00
2015.11.12 14:10:40.347,0.80054,0.80083,3.75,1.37
2015.11.12 14:10:40.449,0.80055,0.80082,1.75,1.75
2015.11.12 14:10:42.578,0.80051,0.80077,3.00,1.00
2015.11.12 14:10:42.932,0.80053,0.80081,2.25,1.50
2015.11.12 14:10:52.203,0.80058,0.80084,1.50,1.50
2015.11.12 14:10:52.254,0.80058,0.80084,1.75,1.50
2015.11.12 14:10:52.765,0.80058,0.80082,1.75,1.00
2015.11.12 14:10:55.764,0.80056,0.80083,2.25,1.12
2015.11.12 14:10:55.815,0.80056,0.80079,1.00,1.00
2015.11.12 14:10:56.795,0.80055,0.80079,1.50,1.00
2015.11.12 14:10:56.846,0.80055,0.80081,1.12,1.75
2015.11.12 14:10:56.897,0.80052,0.80076,1.37,1.37
2015.11.12 14:10:57.665,0.80055,0.80076,1.37,1.00
2015.11.12 14:10:57.717,0.80055,0.8008,1.75,1.00
2015.11.12 14:10:59.398,0.80055,0.80081,1.75,1.87
2015.11.12 14:10:59.948,0.80055,0.8008,1.75,1.00
2015.11.12 14:11:00.153,0.80055,0.80081,2.25,1.37
2015.11.12 14:11:00.204,0.80055,0.80079,1.50,1.50
2015.11.12 14:11:03.178,0.8005,0.80077,2.25,1.00
2015.11.12 14:11:04.132,0.8005,0.80074,1.75,1.00
2015.11.12 14:11:04.334,0.80052,0.80074,1.00,1.00
2015.11.12 14:11:04.566,0.8005,0.80074,1.75,1.00
2015.11.12 14:11:05.102,0.8005,0.80076,1.75,1.00
2015.11.12 14:11:07.322,0.80052,0.80078,1.75,1.12
2015.11.12 14:11:07.896,0.80052,0.80077,1.75,1.00
2015.11.12 14:11:08.521,0.80052,0.80079,2.25,1.50
2015.11.12 14:11:09.232,0.80052,0.80077,1.75,1.00
2015.11.12 14:11:09.904,0.80055,0.80079,1.50,1.50
2015.11.12 14:11:10.660,0.80052,0.80077,1.75,1.00
2015.11.12 14:11:10.762,0.8005,0.80074,1.87,1.00
2015.11.12 14:11:11.048,0.80052,0.80073,1.00,1.00
2015.11.12 14:11:11.965,0.80052,0.80074,1.00,1.00
2015.11.12 14:11:12.166,0.80052,0.80072,1.00,1.00
2015.11.12 14:11:12.768,0.80045,0.80072,1.75,1.12
2015.11.12 14:11:12.819,0.80043,0.80072,3.00,1.75
2015.11.12 14:11:16.033,0.80046,0.80063,1.37,1.12
2015.11.12 14:11:16.085,0.80038,0.80063,1.50,1.37
2015.11.12 14:11:16.136,0.80038,0.80063,1.12,1.75
2015.11.12 14:11:16.237,0.8004,0.80065,1.00,1.75
2015.11.12 14:11:16.338,0.8004,0.80065,1.50,1.75
2015.11.12 14:11:18.565,0.80043,0.80067,1.00,1.00
2015.11.12 14:11:19.899,0.80045,0.80067,1.00,1.00
2015.11.12 14:11:21.214,0.80045,0.80072,1.37,1.75
2015.11.12 14:11:21.524,0.80046,0.80073,1.37,2.25
2015.11.12 14:11:21.580,0.80047,0.80073,1.75,1.12
2015.11.12 14:11:21.832,0.80047,0.80073,1.50,1.75
2015.11.12 14:11:22.400,0.80045,0.80072,1.50,1.75
2015.11.12 14:11:22.752,0.80045,0.8007,1.12,1.75
2015.11.12 14:11:22.954,0.80045,0.8007,1.50,1.50
2015.11.12 14:11:23.005,0.80045,0.8007,1.75,1.50
2015.11.12 14:11:24.928,0.80049,0.8007,1.00,1.50
2015.11.12 14:11:25.130,0.80049,0.80075,1.75,1.75
2015.11.12 14:11:25.282,0.80055,0.80075,1.00,1.75
2015.11.12 14:11:25.626,0.80055,0.80071,1.00,1.87
2015.11.12 14:11:25.677,0.80044,0.8007,1.12,1.75
2015.11.12 14:11:25.728,0.80044,0.80067,1.50,1.00
2015.11.12 14:11:25.981,0.80043,0.8007,1.37,2.25
2015.11.12 14:11:26.486,0.80043,0.8007,1.75,1.75
2015.11.12 14:11:26.881,0.80042,0.80068,1.00,3.00
2015.11.12 14:11:27.387,0.80043,0.80068,1.00,3.00
2015.11.12 14:11:28.260,0.80043,0.80068,1.00,1.75
2015.11.12 14:11:29.128,0.80045,0.80069,1.00,1.75
2015.11.12 14:11:29.330,0.80045,0.80072,1.00,1.75
2015.11.12 14:11:29.431,0.80047,0.80073,1.00,2.25
2015.11.12 14:11:29.935,0.80047,0.80073,1.12,1.75
2015.11.12 14:11:30.794,0.80047,0.8007,1.12,1.75
2015.11.12 14:11:31.177,0.80045,0.80074,1.00,3.00
2015.11.12 14:11:31.995,0.80047,0.8007,1.00,1.75
2015.11.12 14:11:32.096,0.80044,0.80071,1.12,1.75
2015.11.12 14:11:32.603,0.80045,0.80072,1.00,1.75
2015.11.12 14:11:32.855,0.80047,0.80072,1.00,1.75
2015.11.12 14:11:33.108,0.80045,0.80072,1.00,1.75
2015.11.12 14:11:34.219,0.80044,0.8007,1.12,1.75
2015.11.12 14:11:35.713,0.80046,0.8007,1.00,1.75
2015.11.12 14:11:35.763,0.80046,0.8007,1.37,1.50
2015.11.12 14:11:35.865,0.80046,0.8007,1.00,1.75
2015.11.12 14:11:36.169,0.80043,0.8007,1.50,1.75
2015.11.12 14:11:37.802,0.80043,0.80065,1.50,1.00
2015.11.12 14:11:39.787,0.80041,0.8007,1.75,3.00
2015.11.12 14:11:40.263,0.80041,0.80065,1.37,1.87
2015.11.12 14:11:40.314,0.80041,0.80065,1.00,2.25
2015.11.12 14:11:40.365,0.80036,0.8006,1.00,1.37
2015.11.12 14:11:40.775,0.80035,0.8006,1.75,1.50
2015.11.12 14:11:41.133,0.8004,0.80065,1.00,2.25
2015.11.12 14:11:44.128,0.80038,0.80065,1.00,2.25
2015.11.12 14:11:44.431,0.8004,0.80065,1.00,2.25
2015.11.12 14:11:44.482,0.8004,0.80065,1.50,2.25
2015.11.12 14:11:47.081,0.80039,0.80065,1.00,1.75
2015.11.12 14:11:47.827,0.80038,0.80065,1.12,2.25
2015.11.12 14:11:49.360,0.80039,0.80065,1.00,1.75
2015.11.12 14:11:50.110,0.80038,0.80064,1.12,1.75
2015.11.12 14:11:50.458,0.80039,0.80065,1.75,1.00
2015.11.12 14:11:50.969,0.80043,0.80066,1.75,1.00
2015.11.12 14:11:52.328,0.80042,0.80069,1.75,1.75
2015.11.12 14:11:53.497,0.80044,0.80073,1.75,1.75
2015.11.12 14:11:54.103,0.80042,0.80069,1.75,1.75
2015.11.12 14:12:03.773,0.80042,0.80065,1.75,1.00
2015.11.12 14:12:04.286,0.80042,0.8007,1.75,2.25
2015.11.12 14:12:10.159,0.80043,0.8007,1.50,1.75
2015.11.12 14:12:10.770,0.80044,0.8007,1.75,1.50
2015.11.12 14:12:12.910,0.80044,0.8007,1.12,1.75
2015.11.12 14:12:14.471,0.80042,0.80065,1.50,1.12
2015.11.12 14:12:14.975,0.80045,0.8007,1.00,1.75
2015.11.12 14:12:17.439,0.80045,0.80067,1.00,2.25
2015.11.12 14:12:17.591,0.80035,0.8005,1.00,1.00
2015.11.12 14:12:17.742,0.80031,0.8005,1.00,1.12
2015.11.12 14:12:18.003,0.80031,0.80054,1.50,1.12
2015.11.12 14:12:20.813,0.80031,0.80054,1.00,1.75
2015.11.12 14:12:21.116,0.80022,0.80036,1.75,1.00
2015.11.12 14:12:21.167,0.80018,0.80039,2.02,1.00
2015.11.12 14:12:21.218,0.80017,0.80039,1.52,1.50
2015.11.12 14:12:21.370,0.80014,0.80035,1.75,1.00
2015.11.12 14:12:21.830,0.80014,0.80024,1.00,1.00
2015.11.12 14:12:22.337,0.80011,0.80024,1.75,1.00
2015.11.12 14:12:22.883,0.80012,0.80023,1.50,1.00
2015.11.12 14:12:22.934,0.80009,0.8003,1.00,1.12
2015.11.12 14:12:23.451,0.80008,0.80028,1.12,1.00
2015.11.12 14:12:24.173,0.80009,0.80028,1.00,1.00
2015.11.12 14:12:24.476,0.79997,0.80012,1.50,1.00
2015.11.12 14:12:24.577,0.79991,0.8001,1.75,1.00
2015.11.12 14:12:24.628,0.79991,0.8001,1.12,1.00
2015.11.12 14:12:24.729,0.79991,0.80013,1.12,1.12
2015.11.12 14:12:25.330,0.79989,0.80011,1.75,1.00
2015.11.12 14:12:25.532,0.79988,0.8001,1.00,1.00
2015.11.12 14:12:25.734,0.79985,0.8001,1.50,1.75
2015.11.12 14:12:27.246,0.79984,0.80008,1.00,1.75
2015.11.12 14:12:27.975,0.79984,0.80011,1.75,1.37
2015.11.12 14:12:28.026,0.7999,0.80014,1.12,1.75
2015.11.12 14:12:29.303,0.7999,0.80011,1.12,1.00
2015.11.12 14:12:30.217,0.79989,0.8001,1.50,1.00
2015.11.12 14:12:31.866,0.79989,0.80011,1.50,1.00
2015.11.12 14:12:32.379,0.79985,0.80009,1.75,1.50
2015.11.12 14:12:33.151,0.79988,0.80009,1.00,1.50
2015.11.12 14:12:33.252,0.79982,0.80009,1.75,1.75
2015.11.12 14:12:33.353,0.7998,0.8,1.75,1.00
2015.11.12 14:12:33.713,0.79965,0.79994,2.25,2.25
2015.11.12 14:12:34.469,0.79966,0.79994,1.75,1.75
2015.11.12 14:12:36.729,0.79967,0.79996,1.75,2.62
2015.11.12 14:12:36.780,0.79967,0.79996,1.75,2.62
2015.11.12 14:12:37.437,0.79966,0.79994,3.00,1.37
2015.11.12 14:12:37.488,0.79969,0.79993,1.00,1.00
2015.11.12 14:12:38.233,0.79967,0.79995,1.75,1.87
2015.11.12 14:12:38.284,0.79967,0.79995,1.75,1.00
2015.11.12 14:12:38.640,0.79969,0.79996,3.00,1.00
2015.11.12 14:12:38.690,0.7997,0.79998,2.25,1.00
2015.11.12 14:12:38.943,0.79977,0.80003,1.50,1.12
2015.11.12 14:12:38.994,0.79979,0.80005,1.50,1.75
2015.11.12 14:12:39.045,0.7998,0.80005,2.25,1.37
2015.11.12 14:12:39.096,0.79983,0.80011,1.75,1.87
2015.11.12 14:12:39.147,0.79983,0.80011,3.00,1.12
2015.11.12 14:12:39.197,0.79988,0.80016,1.75,1.87
2015.11.12 14:12:39.557,0.7999,0.80019,1.75,1.50
2015.11.12 14:12:40.063,0.79997,0.80023,1.75,1.12
2015.11.12 14:12:40.367,0.80009,0.80035,3.00,1.00
2015.11.12 14:12:40.418,0.80016,0.80039,1.12,1.50
2015.11.12 14:12:40.469,0.80016,0.8004,1.75,1.00
2015.11.12 14:12:40.690,0.80019,0.80045,1.75,1.12
2015.11.12 14:12:41.055,0.80025,0.8005,1.75,1.00
2015.11.12 14:12:41.357,0.80029,0.8005,1.75,1.00
2015.11.12 14:12:41.861,0.80026,0.80051,2.25,1.12
2015.11.12 14:12:42.447,0.80026,0.8005,2.25,1.00
2015.11.12 14:12:43.499,0.80025,0.80045,1.75,1.00
2015.11.12 14:12:43.600,0.80021,0.80045,1.75,1.00
2015.11.12 14:12:48.869,0.80018,0.8004,2.25,1.00
2015.11.12 14:12:49.511,0.80018,0.80045,2.25,1.00
2015.11.12 14:12:49.763,0.80018,0.8004,2.25,1.00
2015.11.12 14:12:49.814,0.80016,0.8004,1.75,1.00
2015.11.12 14:12:49.917,0.80018,0.8004,1.00,1.00
2015.11.12 14:12:50.650,0.80018,0.80042,1.00,1.00
2015.11.12 14:12:52.593,0.80018,0.8004,1.00,1.00
2015.11.12 14:12:53.601,0.80014,0.8004,2.25,1.37
2015.11.12 14:12:53.702,0.80014,0.8004,2.25,1.75
2015.11.12 14:12:54.055,0.80014,0.80025,1.75,1.00
2015.11.12 14:12:54.307,0.80002,0.80025,2.25,1.00
2015.11.12 14:12:54.975,0.80002,0.80031,1.75,2.25
2015.11.12 14:12:55.127,0.80002,0.80031,1.75,2.25
2015.11.12 14:12:55.280,0.80005,0.80031,1.75,1.50
2015.11.12 14:12:55.381,0.80005,0.80025,1.75,1.00
2015.11.12 14:12:55.585,0.80003,0.8003,1.75,1.00
2015.11.12 14:12:56.388,0.80003,0.80029,1.75,1.00
2015.11.12 14:12:56.920,0.80003,0.8003,1.75,1.50
2015.11.12 14:12:57.091,0.80003,0.8003,1.50,1.87
2015.11.12 14:12:57.222,0.80003,0.8003,1.12,2.25
2015.11.12 14:12:58.818,0.80003,0.8003,1.00,3.00
2015.11.12 14:12:59.182,0.8,0.80029,1.12,2.25
2015.11.12 14:12:59.685,0.80001,0.80029,1.00,2.25
2015.11.12 14:13:00.139,0.80003,0.80028,1.00,1.75
2015.11.12 14:13:00.374,0.80001,0.80028,1.00,1.75
2015.11.12 14:13:00.627,0.80001,0.80025,1.00,2.25
2015.11.12 14:13:01.133,0.80001,0.80025,1.87,1.75
2015.11.12 14:13:01.234,0.80001,0.80025,1.87,1.75
2015.11.12 14:13:01.545,0.80003,0.80025,1.00,1.75
2015.11.12 14:13:02.780,0.80002,0.80025,1.00,1.75
2015.11.12 14:13:04.215,0.80002,0.80027,1.37,1.50
2015.11.12 14:13:04.316,0.80003,0.80027,1.00,1.50
2015.11.12 14:13:04.821,0.80002,0.80029,1.37,1.75
2015.11.12 14:13:05.580,0.80002,0.80023,1.00,1.00
2015.11.12 14:13:06.075,0.8,0.80023,1.00,1.00
2015.11.12 14:13:06.127,0.8,0.80027,1.50,3.75
2015.11.12 14:13:06.278,0.79998,0.80027,1.00,3.75
2015.11.12 14:13:06.380,0.8,0.80027,1.00,3.75
2015.11.12 14:13:06.582,0.79998,0.80027,1.00,3.75
2015.11.12 14:13:07.484,0.8,0.80027,1.50,3.75
2015.11.12 14:13:09.463,0.80004,0.80027,1.00,3.00
2015.11.12 14:13:10.359,0.80001,0.80023,1.00,2.25
2015.11.12 14:13:10.561,0.79997,0.80023,1.00,2.25
2015.11.12 14:13:10.663,0.79996,0.80023,1.12,1.75
2015.11.12 14:13:10.764,0.79998,0.80024,1.00,1.75
2015.11.12 14:13:11.066,0.8,0.80024,1.00,1.75
2015.11.12 14:13:11.668,0.79999,0.80024,1.00,1.75
2015.11.12 14:13:12.637,0.79997,0.80025,1.00,2.25
2015.11.12 14:13:12.738,0.79999,0.80025,1.00,2.25
2015.11.12 14:13:13.873,0.79998,0.80025,1.00,3.37
2015.11.12 14:13:14.281,0.79994,0.80021,2.25,1.75
2015.11.12 14:13:15.778,0.79994,0.80021,1.00,2.25
2015.11.12 14:13:17.416,0.79994,0.80021,1.75,1.75
2015.11.12 14:13:17.724,0.79999,0.80023,1.00,1.75
2015.11.12 14:13:17.825,0.79996,0.80023,1.50,1.75
2015.11.12 14:13:18.589,0.79994,0.8002,1.12,1.75
2015.11.12 14:13:19.268,0.79995,0.8002,1.00,1.75
2015.11.12 14:13:20.060,0.79994,0.8002,1.12,1.75
2015.11.12 14:13:20.573,0.79994,0.80018,1.00,1.75
2015.11.12 14:13:21.077,0.79994,0.80021,1.12,2.62
2015.11.12 14:13:21.480,0.79995,0.8002,1.00,2.25
2015.11.12 14:13:21.531,0.79992,0.80019,1.00,1.75
2015.11.12 14:13:21.868,0.79992,0.80019,1.75,1.75
2015.11.12 14:13:28.470,0.79992,0.80019,1.37,1.75
2015.11.12 14:13:28.521,0.79992,0.80019,1.00,1.75
2015.11.12 14:13:29.233,0.79991,0.80018,1.12,1.75
2015.11.12 14:13:29.284,0.79992,0.80019,1.75,1.75
2015.11.12 14:13:29.687,0.79992,0.80021,1.75,2.25
2015.11.12 14:13:30.778,0.79996,0.80022,1.75,1.50
2015.11.12 14:13:30.829,0.79996,0.80023,1.75,1.75
2015.11.12 14:13:33.176,0.8,0.80023,1.12,1.75
2015.11.12 14:13:33.329,0.79998,0.80023,1.00,1.75
2015.11.12 14:13:33.831,0.79997,0.80023,1.12,1.75
2015.11.12 14:13:34.765,0.79996,0.80018,1.50,1.00
2015.11.12 14:13:34.816,0.79996,0.80018,1.00,1.75
2015.11.12 14:13:34.867,0.79992,0.80018,1.50,1.75
2015.11.12 14:13:35.334,0.79992,0.80018,1.00,1.75
2015.11.12 14:13:35.726,0.7999,0.80017,1.12,1.75
2015.11.12 14:13:36.592,0.79998,0.80015,1.00,1.37
2015.11.12 14:13:36.643,0.79998,0.80017,1.00,1.12
2015.11.12 14:13:37.015,0.79997,0.80023,1.12,1.75
2015.11.12 14:13:42.806,0.79994,0.80021,1.75,1.37
2015.11.12 14:13:42.858,0.79994,0.80021,1.75,1.00
2015.11.12 14:13:43.464,0.79994,0.80022,1.75,1.12
2015.11.12 14:13:43.605,0.79994,0.80019,1.37,1.87
2015.11.12 14:13:43.656,0.79993,0.80013,1.00,1.75
2015.11.12 14:13:43.707,0.79993,0.80009,1.00,1.37
2015.11.12 14:13:43.758,0.79988,0.80009,1.00,1.75
2015.11.12 14:13:43.809,0.79985,0.8001,1.00,1.75
2015.11.12 14:13:44.120,0.79985,0.80002,1.00,1.37
2015.11.12 14:13:44.171,0.79982,0.79999,1.00,1.00
2015.11.12 14:13:44.373,0.79976,0.79999,1.50,1.75
2015.11.12 14:13:44.424,0.7998,0.80001,1.00,1.12
2015.11.12 14:13:44.626,0.79978,0.80006,1.75,1.75
2015.11.12 14:13:44.677,0.79983,0.80009,1.00,3.00
2015.11.12 14:13:44.829,0.79983,0.8001,1.75,2.25
2015.11.12 14:13:45.512,0.79986,0.8001,1.00,1.50
2015.11.12 14:13:45.570,0.79982,0.8001,1.75,2.25
2015.11.12 14:13:46.085,0.79982,0.80009,1.75,1.75
2015.11.12 14:13:47.477,0.79984,0.80011,1.50,1.87
2015.11.12 14:13:47.528,0.79984,0.80011,1.75,1.87
2015.11.12 14:13:54.367,0.79986,0.80014,1.50,1.75
2015.11.12 14:13:54.417,0.79986,0.80014,1.75,1.50
2015.11.12 14:13:54.570,0.79991,0.80019,1.37,1.50
2015.11.12 14:13:54.621,0.79991,0.80019,1.75,1.12
2015.11.12 14:14:00.472,0.8,0.80026,1.37,1.12
2015.11.12 14:14:00.523,0.80001,0.80027,1.12,1.75
2015.11.12 14:14:00.573,0.80001,0.80027,1.37,1.75
2015.11.12 14:14:00.624,0.80001,0.80027,1.75,1.75
2015.11.12 14:14:00.927,0.80005,0.8003,1.00,1.75
2015.11.12 14:14:01.028,0.80005,0.80032,1.50,1.75
2015.11.12 14:14:02.233,0.80004,0.8002,1.75,1.00
2015.11.12 14:14:02.436,0.79986,0.8001,2.25,1.50
2015.11.12 14:14:02.487,0.7998,0.80008,2.25,1.37
2015.11.12 14:14:02.538,0.7998,0.80008,2.25,2.25
2015.11.12 14:14:02.589,0.7998,0.80008,1.50,2.25
2015.11.12 14:14:02.639,0.7998,0.80008,1.12,1.75
2015.11.12 14:14:02.791,0.79981,0.80008,1.37,1.12
2015.11.12 14:14:02.842,0.79981,0.8001,1.75,2.25
2015.11.12 14:14:03.183,0.79981,0.8001,1.12,1.75
2015.11.12 14:14:03.486,0.79985,0.80009,1.00,1.75
2015.11.12 14:14:03.992,0.79984,0.80009,1.12,1.75
2015.11.12 14:14:04.654,0.79985,0.80009,1.00,1.75
2015.11.12 14:14:05.331,0.79984,0.80011,1.12,1.75
2015.11.12 14:14:06.160,0.79986,0.80012,1.00,1.87
2015.11.12 14:14:06.872,0.79988,0.80012,1.00,1.75
2015.11.12 14:14:07.074,0.79988,0.80012,1.00,1.75
2015.11.12 14:14:07.974,0.79987,0.80013,1.12,1.75
2015.11.12 14:14:08.226,0.79986,0.80013,1.12,1.87
2015.11.12 14:14:08.753,0.79985,0.80012,1.00,1.75
2015.11.12 14:14:11.127,0.79986,0.80011,1.00,1.75
2015.11.12 14:14:11.282,0.79983,0.8001,1.50,1.75
2015.11.12 14:14:11.383,0.79986,0.80011,1.00,1.75
2015.11.12 14:14:12.494,0.79987,0.80011,1.00,1.75
2015.11.12 14:14:13.497,0.79986,0.80011,1.00,1.75
2015.11.12 14:14:15.634,0.79987,0.80011,1.00,1.75
2015.11.12 14:14:15.735,0.79987,0.80011,1.75,1.12
2015.11.12 14:14:20.695,0.79991,0.80013,1.00,1.75
2015.11.12 14:14:21.230,0.7999,0.80013,1.00,1.75
2015.11.12 14:14:22.828,0.79989,0.80012,1.12,1.50
2015.11.12 14:14:30.535,0.79988,0.80013,1.12,1.75
2015.11.12 14:14:30.636,0.7998,0.80008,2.25,1.87
2015.11.12 14:14:30.737,0.7998,0.80006,2.25,1.50
2015.11.12 14:14:31.040,0.7998,0.80007,1.00,2.62
2015.11.12 14:14:31.091,0.79978,0.80005,1.12,1.75
2015.11.12 14:14:34.696,0.79979,0.80005,1.00,1.75
2015.11.12 14:14:35.220,0.79978,0.80005,1.12,2.25
2015.11.12 14:14:36.022,0.7998,0.80005,1.00,1.75
2015.11.12 14:14:36.275,0.79979,0.80005,1.75,1.50
2015.11.12 14:14:36.885,0.79976,0.80003,1.75,1.00
2015.11.12 14:14:37.380,0.79976,0.80003,1.75,1.37
2015.11.12 14:14:37.486,0.79976,0.80003,1.75,1.75
2015.11.12 14:14:39.245,0.7997,0.79993,1.00,1.00
2015.11.12 14:14:39.397,0.79968,0.79995,1.75,1.37
2015.11.12 14:14:39.498,0.79973,0.79995,1.00,1.12
2015.11.12 14:14:39.701,0.79967,0.79994,1.75,1.37
2015.11.12 14:14:39.752,0.79967,0.79994,1.75,1.75
2015.11.12 14:14:40.510,0.79966,0.79994,1.75,2.02
2015.11.12 14:14:40.561,0.79968,0.79994,1.75,1.57
2015.11.12 14:14:40.865,0.79971,0.79998,1.75,2.25
2015.11.12 14:14:41.118,0.79971,0.79999,1.75,2.02
2015.11.12 14:14:41.169,0.79971,0.79999,1.75,2.02
2015.11.12 14:14:41.472,0.79974,0.80001,1.75,2.77
2015.11.12 14:14:42.000,0.79973,0.8,1.75,1.00
2015.11.12 14:14:42.506,0.79976,0.79999,1.00,1.00
2015.11.12 14:14:43.161,0.79974,0.80001,1.75,1.65
2015.11.12 14:14:43.839,0.79974,0.80001,1.75,2.77
2015.11.12 14:14:44.142,0.79974,0.80001,1.75,2.25
2015.11.12 14:14:45.623,0.7998,0.80004,1.00,1.75
2015.11.12 14:14:45.775,0.7998,0.80004,1.75,1.50
2015.11.12 14:14:45.927,0.79979,0.80004,1.37,1.75
2015.11.12 14:14:45.978,0.79979,0.80004,1.12,1.75
2015.11.12 14:14:46.384,0.79976,0.80002,1.00,1.75
2015.11.12 14:14:46.487,0.79976,0.80001,1.75,1.95
2015.11.12 14:14:48.110,0.79975,0.80002,1.75,2.25
2015.11.12 14:14:48.161,0.79975,0.80002,1.75,1.87
2015.11.12 14:14:48.313,0.79973,0.80002,3.00,2.25
2015.11.12 14:14:48.414,0.79973,0.80002,1.75,2.25
2015.11.12 14:14:49.552,0.79971,0.79998,1.75,1.00
2015.11.12 14:14:49.603,0.79971,0.79998,1.75,1.37
2015.11.12 14:14:51.942,0.79972,0.79999,1.50,2.25
2015.11.12 14:14:52.471,0.79971,0.79998,1.37,1.75
2015.11.12 14:14:54.742,0.79973,0.79999,1.00,1.75
2015.11.12 14:14:55.271,0.79973,0.80001,1.75,1.75
2015.11.12 14:14:57.371,0.79972,0.79999,1.50,1.75
2015.11.12 14:14:57.422,0.79972,0.79999,1.50,1.75
2015.11.12 14:14:57.674,0.7997,0.79997,1.50,1.75
2015.11.12 14:14:57.725,0.7997,0.79997,1.50,1.75
2015.11.12 14:14:57.992,0.79971,0.79997,1.00,2.25
2015.11.12 14:14:58.195,0.79975,0.79998,1.00,1.00
2015.11.12 14:14:59.564,0.79974,0.8,1.37,1.75
2015.11.12 14:14:59.665,0.79972,0.79999,1.50,1.75
2015.11.12 14:15:00.002,0.79969,0.79997,1.75,1.75
2015.11.12 14:15:01.100,0.79974,0.8,1.12,1.75
2015.11.12 14:15:01.603,0.79969,0.79991,1.75,1.00
2015.11.12 14:15:01.755,0.7996,0.79985,1.75,1.75
2015.11.12 14:15:01.807,0.7996,0.79985,1.00,1.75
2015.11.12 14:15:02.312,0.79959,0.7998,1.12,1.00
2015.11.12 14:15:02.615,0.79955,0.7998,1.75,2.25
2015.11.12 14:15:02.949,0.79954,0.7998,2.25,1.75
2015.11.12 14:15:03.050,0.79957,0.7998,1.00,1.50
2015.11.12 14:15:03.202,0.79964,0.79984,1.00,1.37
2015.11.12 14:15:03.252,0.79964,0.79984,1.12,1.00
2015.11.12 14:15:03.757,0.79962,0.79988,1.75,1.75
2015.11.12 14:15:03.807,0.79962,0.79983,1.00,1.75
2015.11.12 14:15:04.168,0.79946,0.79953,4.50,1.00
2015.11.12 14:15:04.219,0.79932,0.79952,1.00,2.25
2015.11.12 14:15:04.320,0.79935,0.79953,1.00,1.75
2015.11.12 14:15:04.421,0.79942,0.79954,1.00,1.50
2015.11.12 14:15:04.522,0.79944,0.7996,1.00,1.12
2015.11.12 14:15:04.573,0.79947,0.79961,1.00,1.37
2015.11.12 14:15:04.825,0.79946,0.79966,1.00,1.12
2015.11.12 14:15:04.876,0.79945,0.79966,1.00,1.37
2015.11.12 14:15:05.698,0.79968,0.79975,1.00,1.87
2015.11.12 14:15:05.750,0.79974,0.79988,1.00,1.12
2015.11.12 14:15:05.851,0.79974,0.79994,1.00,1.75
2015.11.12 14:15:06.053,0.79976,0.79985,1.00,1.00
2015.11.12 14:15:06.155,0.79972,0.79984,2.25,1.00
2015.11.12 14:15:06.257,0.79971,0.79983,1.00,1.00
2015.11.12 14:15:06.409,0.79976,0.7999,1.00,1.75
2015.11.12 14:15:06.561,0.79976,0.79992,1.00,1.37
2015.11.12 14:15:06.662,0.79978,0.79993,1.00,1.00
2015.11.12 14:15:07.019,0.79981,0.80001,1.00,1.87
2015.11.12 14:15:07.070,0.79983,0.79999,1.00,1.50
2015.11.12 14:15:07.323,0.79976,0.79999,1.00,1.75
2015.11.12 14:15:07.374,0.79978,0.79995,1.00,1.12
2015.11.12 14:15:07.677,0.79978,0.79996,1.00,1.75
2015.11.12 14:15:07.728,0.79978,0.79997,1.00,1.75
2015.11.12 14:15:07.830,0.79975,0.79992,1.00,1.00
2015.11.12 14:15:07.880,0.79977,0.79992,1.00,1.00
2015.11.12 14:15:08.252,0.79975,0.79993,1.00,1.00
2015.11.12 14:15:08.656,0.79973,0.79993,1.12,1.00
2015.11.12 14:15:09.650,0.79973,0.79988,1.00,1.75
2015.11.12 14:15:09.709,0.79968,0.79987,1.00,1.75
2015.11.12 14:15:09.937,0.79975,0.7999,1.00,1.12
2015.11.12 14:15:10.038,0.79975,0.79992,1.00,1.00
2015.11.12 14:15:10.542,0.79975,0.79994,1.00,1.50
2015.11.12 14:15:10.693,0.79973,0.79992,1.00,1.00
2015.11.12 14:15:10.845,0.79976,0.79996,1.00,1.37
2015.11.12 14:15:11.758,0.79973,0.79995,1.50,1.12
2015.11.12 14:15:12.661,0.79976,0.79995,1.00,1.12
2015.11.12 14:15:12.963,0.79982,0.80001,1.00,1.87
2015.11.12 14:15:13.064,0.79982,0.80003,1.00,1.75
2015.11.12 14:15:13.166,0.79984,0.80005,1.00,3.00
2015.11.12 14:15:13.216,0.79982,0.80005,1.00,2.25
2015.11.12 14:15:13.267,0.79984,0.80005,1.00,2.25
2015.11.12 14:15:13.368,0.79988,0.80006,1.00,1.12
2015.11.12 14:15:13.952,0.79989,0.80007,1.00,1.12
2015.11.12 14:15:14.002,0.79984,0.80007,1.00,1.87
2015.11.12 14:15:14.457,0.79982,0.80004,1.12,1.00
2015.11.12 14:15:14.508,0.7998,0.79999,1.75,1.00
2015.11.12 14:15:14.760,0.79976,0.79999,1.00,1.75
2015.11.12 14:15:15.425,0.79976,0.79999,1.37,1.37
2015.11.12 14:15:15.477,0.79978,0.79998,1.50,1.00
2015.11.12 14:15:15.529,0.79978,0.80001,1.50,1.37
2015.11.12 14:15:15.986,0.7998,0.80004,1.50,1.12
2015.11.12 14:15:16.189,0.79981,0.80006,1.12,1.12
2015.11.12 14:15:16.596,0.79983,0.80006,1.00,1.12
2015.11.12 14:15:16.647,0.79983,0.80006,1.50,1.00
2015.11.12 14:15:16.850,0.79984,0.80006,1.50,1.12
2015.11.12 14:15:17.153,0.79976,0.80001,1.75,1.75
2015.11.12 14:15:17.254,0.79974,0.8,1.00,2.25
2015.11.12 14:15:17.507,0.79972,0.79996,1.00,1.12
2015.11.12 14:15:17.973,0.79972,0.79997,1.75,1.12
2015.11.12 14:15:19.271,0.79973,0.8,1.75,2.25
2015.11.12 14:15:23.005,0.79977,0.80003,1.75,1.12
2015.11.12 14:15:23.726,0.79979,0.80002,1.75,1.00
2015.11.12 14:15:26.496,0.79978,0.80004,1.12,1.75
2015.11.12 14:15:28.285,0.79979,0.80004,1.00,1.12
2015.11.12 14:15:28.809,0.79978,0.80005,1.12,1.75
2015.11.12 14:15:28.960,0.7998,0.80006,1.00,2.62
2015.11.12 14:15:29.627,0.79979,0.80006,1.00,2.62
2015.11.12 14:15:29.930,0.79987,0.80012,1.75,1.37
2015.11.12 14:15:30.234,0.79997,0.80016,1.00,1.00
2015.11.12 14:15:30.335,0.79993,0.80016,2.25,1.00
2015.11.12 14:15:32.727,0.7999,0.80016,1.75,1.37
2015.11.12 14:15:32.778,0.7999,0.80017,1.75,1.87
2015.11.12 14:15:33.785,0.79988,0.8001,2.25,1.00
2015.11.12 14:15:34.566,0.79991,0.8001,1.50,1.00
2015.11.12 14:15:34.682,0.79992,0.80015,1.75,1.00
2015.11.12 14:15:35.591,0.79987,0.8001,1.75,1.00
2015.11.12 14:15:36.400,0.79986,0.8001,1.75,1.00
2015.11.12 14:15:37.702,0.79989,0.80015,1.75,1.50
2015.11.12 14:15:38.106,0.79987,0.8001,1.75,1.00
2015.11.12 14:15:38.438,0.7999,0.80015,1.75,1.50
2015.11.12 14:15:38.963,0.79993,0.80015,1.00,1.50
2015.11.12 14:15:39.013,0.79993,0.80015,1.75,1.00
2015.11.12 14:15:39.369,0.79989,0.8001,1.75,1.00
2015.11.12 14:15:39.723,0.79984,0.80008,2.25,1.00
2015.11.12 14:15:39.825,0.79981,0.80008,3.00,1.00
2015.11.12 14:15:40.451,0.79982,0.80009,1.75,1.00
2015.11.12 14:15:42.002,0.79984,0.8001,1.75,1.12
2015.11.12 14:15:42.547,0.79982,0.80009,1.75,1.00
2015.11.12 14:15:44.470,0.79983,0.8001,1.75,1.12
2015.11.12 14:15:47.439,0.79982,0.80009,1.75,1.50
2015.11.12 14:15:50.091,0.7998,0.80005,1.75,1.00
2015.11.12 14:15:54.022,0.79978,0.80004,3.00,1.00
2015.11.12 14:15:54.468,0.79976,0.80003,2.25,1.00
2015.11.12 14:15:54.776,0.79979,0.80005,1.75,1.12
2015.11.12 14:15:55.954,0.79982,0.80005,1.75,1.00
2015.11.12 14:15:56.630,0.79983,0.80006,1.75,1.00
2015.11.12 14:15:57.135,0.79982,0.80005,1.75,1.00
2015.11.12 14:15:57.556,0.7998,0.80005,1.75,1.00
2015.11.12 14:15:58.176,0.79982,0.80005,1.75,1.00
2015.11.12 14:16:00.579,0.7998,0.80005,1.75,1.00
2015.11.12 14:16:02.757,0.79979,0.8,1.75,1.00
2015.11.12 14:16:06.873,0.79977,0.8,1.50,1.50
2015.11.12 14:16:07.176,0.79976,0.8,1.75,1.00
2015.11.12 14:16:08.585,0.79978,0.8,1.00,1.00
2015.11.12 14:16:16.497,0.79978,0.80001,1.00,1.50
2015.11.12 14:16:21.304,0.79978,0.79995,1.00,1.00
2015.11.12 14:16:21.552,0.79978,0.8,1.00,1.00
2015.11.12 14:16:22.371,0.79978,0.79995,1.00,1.00
2015.11.12 14:16:22.422,0.79974,0.79995,1.50,1.00
2015.11.12 14:16:24.395,0.79974,0.8,1.50,1.75
2015.11.12 14:16:24.910,0.79978,0.8,1.00,1.75
2015.11.12 14:16:25.014,0.79976,0.8,1.12,1.75
2015.11.12 14:16:25.708,0.79977,0.8,1.00,1.75
2015.11.12 14:16:25.758,0.79977,0.8,1.50,1.12
2015.11.12 14:16:27.961,0.79977,0.8,1.00,1.75
2015.11.12 14:16:28.472,0.79975,0.79995,1.00,1.75
2015.11.12 14:16:28.523,0.79973,0.79995,1.00,1.75
2015.11.12 14:16:28.574,0.7998,0.79995,1.00,1.75
2015.11.12 14:16:28.764,0.79976,0.79995,1.00,1.75
2015.11.12 14:16:28.969,0.79976,0.8,1.12,1.75
2015.11.12 14:16:29.020,0.79977,0.79995,1.00,1.00
2015.11.12 14:16:29.121,0.79979,0.8,1.00,1.12
2015.11.12 14:16:30.190,0.79978,0.80001,1.12,1.50
2015.11.12 14:16:31.558,0.79978,0.79995,1.12,1.00
2015.11.12 14:16:31.871,0.79978,0.80005,1.12,1.75
2015.11.12 14:16:31.973,0.79985,0.80005,1.00,1.12
2015.11.12 14:16:32.175,0.7998,0.80005,1.12,1.75
2015.11.12 14:16:32.328,0.79979,0.8,1.50,1.00
2015.11.12 14:16:32.753,0.79982,0.8,1.00,1.00
2015.11.12 14:16:33.114,0.79982,0.80004,1.00,1.75
2015.11.12 14:16:33.748,0.79982,0.8,1.00,1.00
2015.11.12 14:16:34.080,0.79982,0.80005,1.00,1.75
2015.11.12 14:16:34.370,0.79984,0.80005,1.12,1.37
2015.11.12 14:16:34.421,0.79984,0.80005,1.12,1.00
2015.11.12 14:16:35.858,0.79982,0.80005,1.50,1.37
2015.11.12 14:16:36.401,0.79982,0.80005,1.12,1.75
2015.11.12 14:16:37.188,0.79982,0.80005,1.00,1.75
2015.11.12 14:16:37.239,0.7998,0.80005,1.00,1.75
2015.11.12 14:16:37.290,0.7998,0.80005,1.75,1.75
2015.11.12 14:16:37.506,0.79981,0.80005,1.00,1.75
2015.11.12 14:16:37.809,0.79979,0.80005,1.75,1.75
2015.11.12 14:16:37.860,0.79979,0.80005,1.37,1.75
2015.11.12 14:16:38.113,0.7998,0.80006,1.50,1.75
2015.11.12 14:16:38.265,0.79978,0.8,1.75,1.00
2015.11.12 14:16:38.975,0.79977,0.8,1.50,1.37
2015.11.12 14:16:39.025,0.79977,0.8,1.12,1.75
2015.11.12 14:16:39.126,0.79979,0.8,1.00,1.75
2015.11.12 14:16:39.328,0.79977,0.8,1.12,1.75
2015.11.12 14:16:39.429,0.79979,0.8,1.00,1.75
2015.11.12 14:16:40.417,0.79979,0.8,1.00,1.50
2015.11.12 14:16:41.954,0.79977,0.8,1.12,1.50
2015.11.12 14:16:42.207,0.79976,0.8,1.00,2.25
2015.11.12 14:16:43.418,0.79975,0.79995,1.00,1.12
2015.11.12 14:16:43.923,0.79973,0.79995,1.50,1.12
2015.11.12 14:16:52.760,0.7997,0.79995,1.50,1.75
2015.11.12 14:16:53.437,0.7997,0.79995,1.75,1.12
2015.11.12 14:16:55.562,0.7997,0.7999,1.75,1.00
2015.11.12 14:16:55.664,0.79968,0.7999,1.00,1.00
2015.11.12 14:16:56.583,0.79968,0.79985,1.00,1.00
2015.11.12 14:16:56.684,0.79968,0.7999,1.00,1.00
2015.11.12 14:16:57.759,0.79968,0.79991,1.00,1.00
2015.11.12 14:16:58.174,0.79963,0.7999,1.75,1.50
2015.11.12 14:16:58.477,0.79962,0.79985,1.75,1.00
2015.11.12 14:16:59.163,0.79963,0.79985,1.12,1.12
2015.11.12 14:16:59.267,0.79963,0.79985,1.75,1.00
2015.11.12 14:16:59.419,0.79965,0.7999,1.50,1.75
2015.11.12 14:17:00.696,0.79965,0.7999,1.00,1.75
2015.11.12 14:17:01.000,0.79975,0.79995,1.00,1.12
2015.11.12 14:17:01.454,0.79973,0.79995,1.12,1.12
2015.11.12 14:17:02.668,0.79975,0.79995,1.37,1.00
2015.11.12 14:17:02.975,0.7998,0.79995,1.50,1.00
2015.11.12 14:17:03.076,0.79986,0.80005,1.00,1.75
2015.11.12 14:17:03.364,0.79989,0.80006,1.50,1.87
2015.11.12 14:17:03.416,0.79989,0.80012,1.00,1.00
2015.11.12 14:17:03.618,0.7999,0.8001,1.00,1.00
2015.11.12 14:17:04.123,0.79989,0.8001,1.00,1.00
2015.11.12 14:17:04.793,0.79989,0.80013,1.50,1.00
2015.11.12 14:17:04.844,0.79992,0.80013,1.00,1.00
2015.11.12 14:17:05.096,0.7999,0.80013,1.00,1.00
2015.11.12 14:17:05.147,0.7999,0.8001,1.00,1.00
2015.11.12 14:17:05.922,0.79992,0.80013,1.00,1.00
2015.11.12 14:17:06.073,0.79996,0.80013,1.00,1.00
2015.11.12 14:17:06.175,0.79993,0.80013,1.00,1.00
2015.11.12 14:17:07.554,0.79992,0.80013,1.00,1.00
2015.11.12 14:17:08.879,0.7999,0.8001,1.00,1.00
2015.11.12 14:17:09.183,0.79989,0.8001,1.00,1.75
2015.11.12 14:17:09.335,0.79989,0.8001,1.12,1.12
2015.11.12 14:17:10.055,0.7999,0.80015,1.00,1.75
2015.11.12 14:17:10.563,0.79986,0.80015,1.75,3.00
2015.11.12 14:17:13.852,0.79988,0.80005,1.37,1.00
2015.11.12 14:17:14.402,0.79988,0.8001,1.00,1.75
2015.11.12 14:17:14.453,0.79986,0.8001,1.50,1.50
2015.11.12 14:17:14.755,0.79991,0.8001,1.00,1.50
2015.11.12 14:17:14.957,0.79987,0.8001,1.12,1.50
2015.11.12 14:17:15.073,0.79991,0.8001,1.00,1.50
2015.11.12 14:17:15.175,0.79987,0.8001,1.12,1.50
2015.11.12 14:17:15.602,0.79989,0.80015,1.00,1.75
2015.11.12 14:17:17.257,0.79987,0.8001,1.75,1.00
2015.11.12 14:17:17.833,0.79988,0.8001,1.00,1.50
2015.11.12 14:17:18.785,0.79987,0.8001,1.12,1.50
2015.11.12 14:17:19.290,0.79988,0.8001,1.00,1.50
2015.11.12 14:17:19.543,0.79988,0.80015,1.37,2.62
2015.11.12 14:17:19.644,0.79993,0.80013,1.00,1.00
2015.11.12 14:17:19.695,0.79996,0.80015,1.00,1.00
2015.11.12 14:17:20.098,0.79993,0.80015,1.00,1.00
2015.11.12 14:17:20.149,0.79989,0.8001,1.50,1.00
2015.11.12 14:17:24.767,0.7999,0.8001,1.37,1.00
2015.11.12 14:17:24.818,0.7999,0.80015,1.37,1.50
2015.11.12 14:17:24.869,0.7999,0.80015,1.75,1.12
2015.11.12 14:17:30.229,0.79991,0.8001,1.75,1.00
2015.11.12 14:17:30.756,0.7999,0.80015,1.75,1.12
2015.11.12 14:17:33.120,0.79995,0.80015,1.00,1.12
2015.11.12 14:17:33.437,0.79994,0.80015,1.37,1.00
2015.11.12 14:17:33.942,0.79992,0.80019,1.75,1.37
2015.11.12 14:17:34.245,0.79991,0.8001,1.50,1.00
2015.11.12 14:17:34.295,0.79991,0.8001,1.12,1.00
2015.11.12 14:17:35.019,0.79991,0.80015,1.75,1.12
2015.11.12 14:17:37.388,0.79989,0.80015,1.75,1.37
2015.11.12 14:17:37.897,0.79989,0.80015,1.75,1.75
2015.11.12 14:17:38.961,0.79992,0.80015,1.00,1.75
2015.11.12 14:17:41.022,0.79992,0.80015,1.37,1.37
2015.11.12 14:17:41.074,0.79993,0.80015,1.00,1.00
2015.11.12 14:17:47.080,0.79994,0.80015,1.00,1.00
2015.11.12 14:17:47.911,0.79993,0.80015,1.50,1.00
2015.11.12 14:17:47.962,0.79994,0.8002,1.75,1.75
2015.11.12 14:17:48.165,0.79994,0.80015,1.75,1.00
2015.11.12 14:17:48.513,0.79992,0.80015,1.75,1.12
2015.11.12 14:17:58.972,0.79996,0.8002,1.37,1.75
2015.11.12 14:17:59.023,0.79996,0.80021,1.50,1.75
2015.11.12 14:17:59.471,0.79996,0.80021,1.75,1.12
2015.11.12 14:18:01.012,0.79996,0.80023,1.75,1.37
2015.11.12 14:18:01.760,0.79996,0.80023,1.75,1.00
2015.11.12 14:18:02.164,0.79996,0.80023,1.75,1.87
2015.11.12 14:18:02.466,0.79996,0.80024,2.25,1.50
2015.11.12 14:18:03.025,0.79997,0.80024,1.37,1.50
2015.11.12 14:18:03.076,0.79997,0.80024,1.00,1.75
2015.11.12 14:18:03.814,0.79996,0.80022,1.00,1.75
2015.11.12 14:18:04.503,0.79996,0.80022,1.37,1.75
2015.11.12 14:18:04.554,0.79996,0.80024,1.75,1.75
2015.11.12 14:18:07.104,0.79996,0.80022,1.37,1.75
2015.11.12 14:18:07.257,0.79995,0.80022,1.12,1.75
2015.11.12 14:18:07.781,0.79996,0.80021,1.00,1.12
2015.11.12 14:18:08.229,0.79996,0.80023,1.37,1.50
2015.11.12 14:18:08.280,0.80004,0.80028,1.00,1.00
2015.11.12 14:18:08.734,0.80004,0.8003,1.50,1.50
2015.11.12 14:18:08.784,0.80004,0.8003,1.75,1.12
2015.11.12 14:18:12.997,0.80002,0.80031,2.25,1.75
2015.11.12 14:18:13.758,0.80003,0.80031,1.75,1.50
2015.11.12 14:18:17.506,0.80006,0.80033,1.00,1.75
2015.11.12 14:18:18.031,0.80005,0.80031,1.12,1.75
2015.11.12 14:18:18.582,0.80006,0.80031,1.00,1.75
2015.11.12 14:18:19.754,0.80007,0.80034,1.00,4.50
2015.11.12 14:18:20.316,0.80006,0.80033,1.00,1.75
2015.11.12 14:18:20.820,0.80004,0.80031,1.50,1.75
2015.11.12 14:18:22.622,0.80002,0.80029,1.50,1.75
2015.11.12 14:18:22.673,0.80002,0.80029,1.12,1.75
2015.11.12 14:18:29.792,0.80004,0.80031,1.00,3.75
2015.11.12 14:18:29.893,0.80004,0.8003,1.75,1.75
2015.11.12 14:18:30.883,0.8001,0.80036,1.00,3.00
2015.11.12 14:18:30.934,0.8001,0.80036,1.75,1.75
2015.11.12 14:18:31.085,0.80007,0.80034,1.75,1.50
2015.11.12 14:18:31.136,0.80007,0.80034,1.50,1.75
2015.11.12 14:18:32.348,0.80009,0.80035,1.00,1.75
2015.11.12 14:18:32.398,0.80009,0.80036,1.75,1.75
2015.11.12 14:18:32.932,0.80012,0.80039,1.00,1.75
2015.11.12 14:18:34.173,0.80008,0.80036,1.75,1.87
2015.11.12 14:18:34.945,0.8001,0.80037,1.75,1.75
2015.11.12 14:18:35.926,0.80013,0.80041,1.75,1.87
2015.11.12 14:18:36.132,0.80017,0.80041,1.00,1.00
2015.11.12 14:18:37.115,0.80017,0.8004,1.00,1.75
2015.11.12 14:18:37.166,0.80013,0.80041,2.25,1.75
2015.11.12 14:18:37.932,0.80016,0.80043,1.00,2.25
2015.11.12 14:18:38.160,0.80016,0.80039,1.37,1.00
2015.11.12 14:18:38.890,0.80015,0.80042,1.50,1.75
2015.11.12 14:18:38.941,0.80015,0.80042,1.12,1.75
2015.11.12 14:18:39.489,0.80016,0.80043,1.00,1.75
2015.11.12 14:18:42.193,0.80017,0.80043,1.00,1.75
2015.11.12 14:18:43.254,0.80015,0.80042,1.75,1.75
2015.11.12 14:18:43.608,0.80016,0.8004,1.37,1.50
2015.11.12 14:18:43.658,0.80013,0.8004,1.75,2.25
2015.11.12 14:18:43.810,0.80013,0.8004,1.37,3.00
2015.11.12 14:18:43.962,0.80013,0.80036,1.50,1.00
2015.11.12 14:18:44.698,0.80014,0.80036,1.00,1.00
2015.11.12 14:18:45.422,0.80013,0.80036,1.50,1.00
2015.11.12 14:18:47.011,0.80013,0.80035,1.00,1.00
2015.11.12 14:18:47.373,0.80006,0.80033,1.75,1.37
2015.11.12 14:18:47.423,0.80006,0.80033,1.75,2.25
2015.11.12 14:18:47.930,0.8001,0.80034,1.00,1.87
2015.11.12 14:18:48.434,0.80011,0.80036,1.00,1.75
2015.11.12 14:18:49.165,0.8001,0.80033,1.00,1.75
2015.11.12 14:18:49.680,0.80008,0.80036,1.50,2.25
2015.11.12 14:18:50.990,0.8001,0.80036,1.00,1.75
2015.11.12 14:18:51.142,0.8001,0.80036,1.75,1.75
2015.11.12 14:18:59.382,0.8001,0.80038,2.25,1.50
2015.11.12 14:19:00.673,0.80017,0.80041,1.00,2.25
2015.11.12 14:19:01.137,0.80015,0.8004,1.12,1.75
2015.11.12 14:19:02.093,0.80016,0.80041,1.00,2.25
2015.11.12 14:19:03.513,0.80014,0.80039,1.50,1.75
2015.11.12 14:19:07.053,0.80016,0.80043,1.00,2.25
2015.11.12 14:19:08.632,0.80016,0.80041,1.00,2.25
2015.11.12 14:19:09.138,0.80015,0.80039,1.00,1.75
2015.11.12 14:19:09.661,0.80014,0.80038,1.00,1.75
2015.11.12 14:19:10.208,0.80013,0.8004,1.00,1.75
2015.11.12 14:19:10.511,0.80012,0.80036,1.00,1.75
2015.11.12 14:19:10.713,0.80006,0.80034,1.00,1.75
2015.11.12 14:19:12.879,0.80008,0.80034,1.00,1.87
2015.11.12 14:19:13.030,0.80006,0.8003,1.00,1.50
2015.11.12 14:19:13.408,0.80003,0.80026,1.00,1.00
2015.11.12 14:19:13.711,0.80006,0.80031,1.12,1.75
2015.11.12 14:19:15.031,0.80004,0.80028,1.00,1.75
2015.11.12 14:19:15.434,0.80007,0.80031,1.00,1.75
2015.11.12 14:19:18.359,0.80006,0.80031,1.00,1.75
2015.11.12 14:19:20.054,0.80005,0.80031,1.00,1.75
2015.11.12 14:19:22.217,0.80006,0.80031,1.00,1.75
2015.11.12 14:19:22.426,0.80006,0.80031,1.12,1.75
2015.11.12 14:19:24.315,0.80007,0.80031,1.00,1.75
2015.11.12 14:19:24.822,0.80006,0.80032,1.12,1.12
2015.11.12 14:19:27.646,0.80008,0.80032,1.00,1.75
2015.11.12 14:19:29.716,0.80009,0.80034,1.00,1.75
2015.11.12 14:19:30.220,0.8001,0.80036,1.00,3.00
2015.11.12 14:19:32.838,0.80012,0.80035,1.00,1.75
2015.11.12 14:19:32.939,0.80012,0.80033,1.00,1.75
2015.11.12 14:19:33.120,0.8001,0.80036,1.12,1.75
2015.11.12 14:19:33.271,0.8001,0.80035,1.00,1.12
2015.11.12 14:19:33.871,0.80009,0.80033,1.00,1.75
2015.11.12 14:19:34.175,0.80009,0.80033,1.00,1.75
2015.11.12 14:19:34.478,0.80006,0.80032,1.00,2.25
2015.11.12 14:19:34.982,0.80005,0.8003,1.00,1.87
2015.11.12 14:19:35.533,0.80005,0.8003,1.12,1.75
2015.11.12 14:19:38.078,0.80008,0.8003,1.00,1.87
2015.11.12 14:19:38.180,0.80004,0.8003,1.00,1.12
2015.11.12 14:19:39.844,0.80002,0.80029,1.00,2.25
2015.11.12 14:19:40.350,0.80003,0.80029,1.00,2.25
2015.11.12 14:19:41.278,0.80005,0.80029,1.00,2.25
2015.11.12 14:19:41.381,0.80005,0.80025,1.00,1.00
2015.11.12 14:19:42.014,0.80004,0.80025,1.00,1.00
2015.11.12 14:19:42.716,0.80005,0.80025,1.00,1.00
2015.11.12 14:19:42.767,0.80007,0.80033,1.00,1.75
2015.11.12 14:19:43.473,0.80006,0.80031,1.12,1.75
2015.11.12 14:19:48.328,0.80007,0.80033,1.00,1.75
2015.11.12 14:19:48.795,0.80007,0.80034,1.75,1.75
2015.11.12 14:19:50.754,0.80011,0.80036,1.00,1.75
2015.11.12 14:19:51.692,0.8001,0.80036,1.00,1.75
2015.11.12 14:19:52.197,0.80009,0.80036,1.12,1.75
2015.11.12 14:19:53.259,0.80005,0.8003,1.75,1.00
2015.11.12 14:19:53.790,0.80005,0.80032,1.75,1.50
2015.11.12 14:19:57.021,0.80006,0.80032,1.12,1.75
2015.11.12 14:19:57.527,0.80007,0.80032,1.00,1.75
2015.11.12 14:19:58.439,0.80005,0.80035,1.50,2.25
2015.11.12 14:19:58.950,0.80006,0.80033,1.75,1.50
2015.11.12 14:20:00.186,0.80006,0.80034,1.50,1.75
2015.11.12 14:20:00.899,0.80007,0.80034,1.00,3.00
2015.11.12 14:20:01.465,0.80006,0.80033,1.00,1.75
2015.11.12 14:20:03.074,0.80007,0.80034,1.00,3.00
2015.11.12 14:20:03.390,0.8001,0.80035,1.00,3.00
2015.11.12 14:20:03.441,0.8001,0.80035,1.00,1.75
2015.11.12 14:20:03.964,0.80014,0.80036,1.00,1.12
2015.11.12 14:20:04.922,0.80013,0.80035,1.00,1.75
2015.11.12 14:20:05.724,0.80014,0.80037,1.00,1.75
2015.11.12 14:20:05.926,0.80012,0.80036,1.00,1.75
2015.11.12 14:20:06.380,0.8001,0.80034,1.00,1.75
2015.11.12 14:20:06.481,0.80007,0.80034,1.50,1.75
2015.11.12 14:20:07.377,0.80009,0.80034,1.00,1.75
2015.11.12 14:20:07.927,0.80007,0.80032,1.50,1.75
2015.11.12 14:20:10.233,0.80007,0.80032,1.00,3.00
2015.11.12 14:20:10.784,0.80008,0.80031,1.00,1.75
2015.11.12 14:20:12.439,0.80007,0.80031,1.00,1.75
2015.11.12 14:20:13.180,0.80008,0.80031,1.00,1.75
2015.11.12 14:20:13.735,0.80008,0.80031,1.00,1.75
2015.11.12 14:20:16.682,0.80007,0.80032,1.00,1.75
2015.11.12 14:20:17.040,0.8001,0.80032,1.00,1.75
2015.11.12 14:20:17.242,0.8001,0.80034,1.12,1.75
2015.11.12 14:20:17.344,0.80012,0.80035,1.00,1.75
2015.11.12 14:20:17.496,0.80009,0.80037,1.50,1.75
2015.11.12 14:20:20.082,0.80011,0.80037,1.00,1.75
2015.11.12 14:20:25.500,0.80011,0.80037,1.37,1.75
2015.11.12 14:20:25.564,0.80012,0.80039,1.50,2.25
2015.11.12 14:20:29.362,0.80009,0.80036,1.50,1.50
2015.11.12 14:20:29.413,0.80009,0.80036,1.12,1.87
2015.11.12 14:20:32.182,0.80008,0.80036,1.37,2.62
2015.11.12 14:20:32.283,0.80007,0.80033,1.00,1.75
2015.11.12 14:20:32.785,0.80005,0.80032,1.50,1.75
2015.11.12 14:20:37.554,0.80006,0.80034,1.37,2.25
2015.11.12 14:20:37.605,0.80008,0.80034,1.50,1.75
2015.11.12 14:20:42.825,0.80006,0.80034,1.37,4.12
2015.11.12 14:20:42.876,0.80004,0.80031,1.12,2.25
2015.11.12 14:20:47.151,0.80005,0.80032,1.00,2.25
2015.11.12 14:20:48.169,0.80004,0.8003,1.12,1.75
2015.11.12 14:20:48.523,0.80003,0.80029,1.00,1.75
2015.11.12 14:20:49.908,0.80002,0.80029,1.00,1.75
2015.11.12 14:20:50.817,0.80001,0.80027,1.12,1.75
2015.11.12 14:20:55.170,0.79999,0.80022,1.75,1.00
2015.11.12 14:20:55.937,0.80001,0.80026,1.12,1.75
2015.11.12 14:20:56.270,0.79999,0.80026,1.00,2.25
2015.11.12 14:20:57.360,0.8,0.80027,1.50,2.25
2015.11.12 14:20:58.456,0.79999,0.80025,1.00,1.75
2015.11.12 14:20:58.985,0.79998,0.80025,1.12,1.75
2015.11.12 14:20:59.709,0.79999,0.80026,1.00,1.87
2015.11.12 14:21:00.409,0.79999,0.80026,1.37,1.87
2015.11.12 14:21:00.460,0.80003,0.8003,1.50,3.00
2015.11.12 14:21:01.342,0.80005,0.8003,1.00,1.75
2015.11.12 14:21:01.848,0.80007,0.80033,1.00,2.25
2015.11.12 14:21:03.660,0.80006,0.80031,1.00,1.75
2015.11.12 14:21:03.913,0.80003,0.80024,1.00,1.00
2015.11.12 14:21:04.418,0.80004,0.80024,1.00,1.00
2015.11.12 14:21:04.470,0.80004,0.80032,1.12,2.62
2015.11.12 14:21:08.480,0.80003,0.80027,1.00,1.75
2015.11.12 14:21:08.530,0.80001,0.80027,1.12,1.75
2015.11.12 14:21:08.984,0.80001,0.80028,1.00,3.00
2015.11.12 14:21:09.286,0.80003,0.80028,1.00,1.75
2015.11.12 14:21:11.576,0.80004,0.8003,1.00,1.75
2015.11.12 14:21:11.627,0.80004,0.8003,1.00,1.75
2015.11.12 14:21:11.829,0.80006,0.8003,1.00,1.75
2015.11.12 14:21:11.930,0.80006,0.8003,1.12,1.75
2015.11.12 14:21:15.688,0.80006,0.80018,1.12,1.00
2015.11.12 14:21:15.991,0.79998,0.80007,1.50,1.00
2015.11.12 14:21:16.092,0.79995,0.80006,1.00,1.00
2015.11.12 14:21:16.345,0.79996,0.80003,1.00,1.00
2015.11.12 14:21:16.446,0.7999,0.79999,1.12,1.00
2015.11.12 14:21:16.547,0.79988,0.79998,1.00,1.00
2015.11.12 14:21:17.209,0.79986,0.79997,1.00,1.00
2015.11.12 14:21:17.261,0.79982,0.79995,1.50,1.00
2015.11.12 14:21:18.776,0.79982,0.79994,1.50,1.00
2015.11.12 14:21:19.379,0.79982,0.79995,1.50,1.00
2015.11.12 14:21:20.400,0.79981,0.7999,1.37,1.00
2015.11.12 14:21:20.708,0.79979,0.79988,1.00,1.00
2015.11.12 14:21:20.860,0.79977,0.79988,1.00,1.00
2015.11.12 14:21:20.960,0.79974,0.79985,1.50,1.00
2015.11.12 14:21:21.573,0.79974,0.79984,1.00,1.00
2015.11.12 14:21:21.829,0.79971,0.79984,1.12,1.00
2015.11.12 14:21:21.931,0.79971,0.79982,1.12,1.00
2015.11.12 14:21:22.435,0.7997,0.79982,1.00,1.00
2015.11.12 14:21:23.307,0.79971,0.79985,1.00,1.00
2015.11.12 14:21:23.358,0.79973,0.79984,1.00,1.00
2015.11.12 14:21:23.712,0.79974,0.79986,1.12,1.00
2015.11.12 14:21:24.216,0.79974,0.79987,1.12,1.00
2015.11.12 14:21:24.659,0.79974,0.79989,1.12,1.00
2015.11.12 14:21:24.710,0.79977,0.79989,1.00,1.00
2015.11.12 14:21:24.912,0.79983,0.80003,1.00,1.75
2015.11.12 14:21:25.014,0.79988,0.80001,1.37,1.37
2015.11.12 14:21:25.065,0.79988,0.80001,1.75,1.00
2015.11.12 14:21:25.167,0.79988,0.80001,1.00,1.00
2015.11.12 14:21:26.906,0.79987,0.79999,1.00,1.00
2015.11.12 14:21:28.362,0.79986,0.79999,1.00,1.00
2015.11.12 14:21:28.853,0.79987,0.79996,1.00,1.00
2015.11.12 14:21:29.063,0.79985,0.79996,1.00,1.00
2015.11.12 14:21:29.568,0.79985,0.79997,1.00,1.00
2015.11.12 14:21:30.161,0.79987,0.79999,1.00,1.00
2015.11.12 14:21:31.884,0.79985,0.79996,1.00,1.00
2015.11.12 14:21:32.188,0.79982,0.79995,1.00,1.00
2015.11.12 14:21:32.290,0.79982,0.79993,1.00,1.00
2015.11.12 14:21:32.391,0.79982,0.79995,1.00,1.00
2015.11.12 14:21:32.593,0.79983,0.79992,1.00,1.00
2015.11.12 14:21:33.097,0.79981,0.7999,1.00,1.00
2015.11.12 14:21:33.249,0.79981,0.79992,1.00,1.00
2015.11.12 14:21:33.612,0.79981,0.7999,1.00,1.00
2015.11.12 14:21:34.017,0.79981,0.79992,1.00,1.00
2015.11.12 14:21:34.576,0.7998,0.7999,1.00,1.00
2015.11.12 14:21:35.030,0.79982,0.79989,1.00,1.00
2015.11.12 14:21:35.722,0.79982,0.7999,1.00,1.00
2015.11.12 14:21:36.343,0.79982,0.79992,1.00,1.00
2015.11.12 14:21:37.012,0.79983,0.79992,1.00,1.00
2015.11.12 14:21:37.722,0.79982,0.79991,1.00,1.00
2015.11.12 14:21:38.189,0.79981,0.79993,1.00,1.00
2015.11.12 14:21:38.348,0.79982,0.79995,1.00,1.00
2015.11.12 14:21:38.655,0.79982,0.79993,1.00,1.00
2015.11.12 14:21:39.408,0.79983,0.79996,1.00,1.00
2015.11.12 14:21:39.661,0.79987,0.79996,1.00,1.00
2015.11.12 14:21:39.863,0.79988,0.79999,1.00,1.00
2015.11.12 14:21:40.718,0.79988,0.8,1.00,1.00
2015.11.12 14:21:41.523,0.79988,0.80001,1.00,1.00
2015.11.12 14:21:44.592,0.79988,0.79998,1.00,1.00
2015.11.12 14:21:44.696,0.79985,0.79997,1.00,1.00
2015.11.12 14:21:45.740,0.79985,0.79996,1.00,1.00
2015.11.12 14:21:46.270,0.79984,0.79997,1.00,1.00
2015.11.12 14:21:46.723,0.79984,0.79994,1.00,1.00
2015.11.12 14:21:47.142,0.79984,0.79996,1.00,1.00
2015.11.12 14:21:47.684,0.79984,0.79995,1.00,1.00
2015.11.12 14:21:48.240,0.79983,0.79995,1.00,1.00
2015.11.12 14:21:48.691,0.79985,0.79998,1.00,1.00
2015.11.12 14:21:50.492,0.79986,0.79998,1.00,1.00
2015.11.12 14:21:51.469,0.79986,0.79999,1.00,1.00
2015.11.12 14:21:54.882,0.79986,0.79998,1.00,1.00
2015.11.12 14:21:54.983,0.79986,0.79995,1.00,1.00
2015.11.12 14:21:55.490,0.79985,0.79995,1.00,1.00
2015.11.12 14:21:55.754,0.79985,0.79997,1.00,1.00
2015.11.12 14:21:55.804,0.79987,0.79997,1.00,1.00
2015.11.12 14:21:56.324,0.79987,0.79998,1.00,1.00
2015.11.12 14:21:57.020,0.79983,0.79994,1.12,1.00
2015.11.12 14:21:57.645,0.79982,0.79995,1.50,1.00
2015.11.12 14:21:58.349,0.79983,0.79996,1.12,1.00
2015.11.12 14:21:59.279,0.79983,0.79994,1.00,1.00
2015.11.12 14:22:00.076,0.79979,0.79992,1.37,1.00
2015.11.12 14:22:00.581,0.79981,0.79992,1.00,1.00
2015.11.12 14:22:00.682,0.79979,0.79992,1.50,1.00
2015.11.12 14:22:00.783,0.79982,0.79992,1.00,1.00
2015.11.12 14:22:00.834,0.79982,0.79994,1.00,1.00
2015.11.12 14:22:01.332,0.79984,0.79993,1.00,1.00
2015.11.12 14:22:01.879,0.79983,0.79992,1.00,1.00
2015.11.12 14:22:01.980,0.7998,0.79992,1.87,1.00
2015.11.12 14:22:02.514,0.7998,0.79991,1.12,1.00
2015.11.12 14:22:03.912,0.79979,0.79991,1.87,1.00
2015.11.12 14:22:03.963,0.79977,0.7999,1.12,1.00
2015.11.12 14:22:04.440,0.79975,0.79988,1.87,1.00
2015.11.12 14:22:04.944,0.79975,0.79987,1.00,1.00
2015.11.12 14:22:05.493,0.79976,0.79987,1.00,1.00
2015.11.12 14:22:06.077,0.79976,0.79988,1.00,1.00
2015.11.12 14:22:06.484,0.79972,0.79988,1.50,1.00
2015.11.12 14:22:07.040,0.79972,0.79987,1.00,1.00
2015.11.12 14:22:07.141,0.79975,0.79986,1.00,1.00
2015.11.12 14:22:07.394,0.79972,0.79986,1.00,1.00
2015.11.12 14:22:07.747,0.79972,0.79982,1.00,1.00
2015.11.12 14:22:07.909,0.7997,0.79982,1.87,1.00
2015.11.12 14:22:08.111,0.79972,0.79982,1.12,1.00
2015.11.12 14:22:08.422,0.79977,0.79982,1.00,1.00
2015.11.12 14:22:08.473,0.79971,0.79983,1.12,1.00
2015.11.12 14:22:08.725,0.79972,0.79985,1.00,1.00
2015.11.12 14:22:08.927,0.79973,0.79987,1.00,1.00
2015.11.12 14:22:09.431,0.79973,0.79988,1.00,1.00
2015.11.12 14:22:10.332,0.79975,0.79988,1.00,1.00
2015.11.12 14:22:11.720,0.7997,0.79988,2.25,1.75
2015.11.12 14:22:11.929,0.79962,0.79975,1.00,1.00
2015.11.12 14:22:12.030,0.79962,0.79977,1.00,1.00
2015.11.12 14:22:12.131,0.79962,0.79972,1.75,1.00
2015.11.12 14:22:12.232,0.7996,0.79972,1.50,1.00
2015.11.12 14:22:12.995,0.79956,0.79971,2.25,1.00
2015.11.12 14:22:14.037,0.79956,0.79969,1.75,1.00
2015.11.12 14:22:14.780,0.79956,0.79972,1.75,1.00
2015.11.12 14:22:14.982,0.79956,0.7997,1.75,1.00
2015.11.12 14:22:15.527,0.79958,0.79971,1.75,1.00
2015.11.12 14:22:16.327,0.79961,0.79969,1.12,1.00
2015.11.12 14:22:16.633,0.79959,0.79971,1.75,1.00
2015.11.12 14:22:17.068,0.79959,0.79969,1.75,1.00
2015.11.12 14:22:17.574,0.7996,0.79969,1.50,1.00
2015.11.12 14:22:18.190,0.7996,0.79969,2.25,1.00
2015.11.12 14:22:19.084,0.7996,0.7997,2.25,1.00
2015.11.12 14:22:20.703,0.7996,0.79969,2.25,1.00
2015.11.12 14:22:21.204,0.7996,0.7997,1.50,1.00
2015.11.12 14:22:21.749,0.7996,0.79969,1.00,1.00
2015.11.12 14:22:22.162,0.79955,0.79968,1.50,1.00
2015.11.12 14:22:22.415,0.79959,0.79969,1.00,1.00
2015.11.12 14:22:22.566,0.79955,0.79968,2.25,1.00
2015.11.12 14:22:25.325,0.79957,0.7997,1.00,1.00
2015.11.12 14:22:25.627,0.79959,0.7997,1.00,1.00
2015.11.12 14:22:25.678,0.7996,0.79972,1.00,1.00
2015.11.12 14:22:25.829,0.79962,0.79973,1.00,1.00
2015.11.12 14:22:26.472,0.79962,0.79974,1.00,1.00
2015.11.12 14:22:26.523,0.7996,0.79974,1.50,1.00
2015.11.12 14:22:26.826,0.79962,0.79974,1.00,1.00
2015.11.12 14:22:28.228,0.7996,0.79974,1.50,1.00
2015.11.12 14:22:28.997,0.7996,0.79972,1.50,1.00
2015.11.12 14:22:29.607,0.7996,0.79973,1.00,1.00
2015.11.12 14:22:30.111,0.7996,0.79972,1.00,1.00
2015.11.12 14:22:30.657,0.7996,0.79973,1.00,1.00
2015.11.12 14:22:32.357,0.7996,0.7997,1.00,1.00
2015.11.12 14:22:32.732,0.79955,0.7997,1.00,1.00
2015.11.12 14:22:32.783,0.79957,0.79969,1.00,1.00
2015.11.12 14:22:32.834,0.79957,0.79971,1.00,1.00
2015.11.12 14:22:33.338,0.79955,0.7997,2.25,1.00
2015.11.12 14:22:35.348,0.79955,0.79969,2.25,1.00
2015.11.12 14:22:36.040,0.79955,0.7997,2.25,1.00
2015.11.12 14:22:36.547,0.79955,0.79969,1.75,1.00
2015.11.12 14:22:36.900,0.79955,0.79967,1.37,1.00
2015.11.12 14:22:37.002,0.79955,0.79969,1.00,1.00
2015.11.12 14:22:37.791,0.79955,0.7997,1.00,1.00
2015.11.12 14:22:37.843,0.79957,0.7997,1.00,1.00
2015.11.12 14:22:38.487,0.79956,0.7997,1.00,1.00
2015.11.12 14:22:38.790,0.79955,0.79965,1.00,1.00
2015.11.12 14:22:40.104,0.79955,0.79966,1.00,1.00
2015.11.12 14:22:40.408,0.79956,0.7997,1.00,1.00
2015.11.12 14:22:40.958,0.79957,0.79971,1.12,1.00
2015.11.12 14:22:42.046,0.79957,0.7997,1.00,1.00
2015.11.12 14:22:42.474,0.79955,0.7997,1.87,1.00
2015.11.12 14:22:42.817,0.79955,0.79977,1.87,1.50
2015.11.12 14:22:43.019,0.79957,0.79977,1.00,1.50
2015.11.12 14:22:43.522,0.79956,0.79977,1.00,1.50
2015.11.12 14:22:44.154,0.79957,0.79977,1.00,1.50
2015.11.12 14:22:44.754,0.79958,0.79977,1.00,1.50
2015.11.12 14:22:45.056,0.79959,0.79979,1.00,1.12
2015.11.12 14:22:49.003,0.79959,0.79978,1.00,1.00
2015.11.12 14:22:49.155,0.79958,0.79978,1.00,1.75
2015.11.12 14:22:49.687,0.79956,0.79979,1.00,1.75
2015.11.12 14:22:49.949,0.79958,0.79978,1.00,1.75
2015.11.12 14:22:50.113,0.79956,0.79978,1.00,1.75
2015.11.12 14:22:51.538,0.79957,0.79978,1.00,1.75
2015.11.12 14:22:51.802,0.79955,0.79979,1.87,1.75
2015.11.12 14:22:53.759,0.79955,0.79978,3.00,1.00
2015.11.12 14:22:54.283,0.79957,0.7998,1.12,1.50
2015.11.12 14:22:57.743,0.79958,0.79983,1.00,1.75
2015.11.12 14:22:58.461,0.79966,0.79983,1.00,1.00
2015.11.12 14:22:58.513,0.79966,0.79985,1.00,1.12
2015.11.12 14:23:00.048,0.79967,0.79986,1.00,1.50
2015.11.12 14:23:00.402,0.79967,0.79987,1.12,1.00
2015.11.12 14:23:00.503,0.79969,0.79988,1.00,1.12
2015.11.12 14:23:01.028,0.79969,0.79987,1.00,1.00
2015.11.12 14:23:01.533,0.79969,0.79989,1.00,1.50
2015.11.12 14:23:02.359,0.79969,0.79986,1.00,1.00
2015.11.12 14:23:02.409,0.79966,0.79987,1.50,1.00
2015.11.12 14:23:02.510,0.79966,0.79986,1.00,1.50
2015.11.12 14:23:03.876,0.79965,0.79988,1.00,1.75
2015.11.12 14:23:07.361,0.79963,0.7999,1.50,2.25
2015.11.12 14:23:08.015,0.79965,0.79991,1.00,1.75
2015.11.12 14:23:09.769,0.79963,0.7999,1.50,1.75
2015.11.12 14:23:10.320,0.79965,0.79991,1.00,1.75
2015.11.12 14:23:10.997,0.79964,0.79989,1.12,2.25
2015.11.12 14:23:11.048,0.7996,0.79985,1.12,1.75
2015.11.12 14:23:22.531,0.79959,0.79985,1.75,1.50
2015.11.12 14:23:26.117,0.7996,0.79984,1.37,1.50
2015.11.12 14:23:26.168,0.7996,0.79984,1.12,1.75
2015.11.12 14:23:28.627,0.7996,0.79986,1.12,3.00
2015.11.12 14:23:28.779,0.7996,0.79985,1.00,1.75
2015.11.12 14:23:30.936,0.79959,0.79985,1.12,2.25
2015.11.12 14:23:35.272,0.79955,0.79982,1.12,2.25
2015.11.12 14:23:35.675,0.7996,0.79977,1.00,1.12
2015.11.12 14:23:35.827,0.7996,0.79981,1.00,1.12
2015.11.12 14:23:36.496,0.79958,0.79985,1.50,2.25
2015.11.12 14:23:39.308,0.7996,0.79985,1.00,1.75
2015.11.12 14:23:39.459,0.7996,0.79985,1.75,1.12
2015.11.12 14:23:39.905,0.79957,0.79984,1.75,3.75
2015.11.12 14:23:44.999,0.7996,0.79984,1.00,3.00
2015.11.12 14:23:45.354,0.79957,0.79984,1.50,3.00
2015.11.12 14:23:46.321,0.7996,0.79984,1.00,3.00
2015.11.12 14:23:48.796,0.7996,0.79981,1.00,1.75
2015.11.12 14:23:50.724,0.7996,0.79983,1.50,1.00
2015.11.12 14:23:50.775,0.7996,0.79983,1.50,1.50
2015.11.12 14:23:51.324,0.7996,0.79984,1.12,3.00
2015.11.12 14:23:51.374,0.7996,0.79984,1.12,4.50
2015.11.12 14:23:51.839,0.79954,0.79982,1.12,1.87
2015.11.12 14:23:52.381,0.79955,0.79982,1.00,1.75
2015.11.12 14:23:59.622,0.79959,0.79985,1.50,2.25
2015.11.12 14:24:00.373,0.79961,0.79986,1.00,1.75
2015.11.12 14:24:01.286,0.79961,0.7998,1.00,1.00
2015.11.12 14:24:02.909,0.79959,0.7998,1.50,1.00
2015.11.12 14:24:04.233,0.79959,0.79981,1.50,1.00
2015.11.12 14:24:04.747,0.79959,0.7998,1.50,1.00
2015.11.12 14:24:08.198,0.79961,0.7998,1.00,1.00
2015.11.12 14:24:08.905,0.79963,0.7998,1.00,1.00
2015.11.12 14:24:09.205,0.79963,0.79985,1.12,1.12
2015.11.12 14:24:09.673,0.79961,0.7998,1.50,1.00
2015.11.12 14:24:10.432,0.79962,0.79975,1.37,1.00
2015.11.12 14:24:10.634,0.79958,0.79975,1.37,1.00
2015.11.12 14:24:11.327,0.79957,0.7998,1.50,1.00
2015.11.12 14:24:11.727,0.79964,0.79985,1.12,1.37
2015.11.12 14:24:11.778,0.79964,0.7999,1.12,1.75
2015.11.12 14:24:11.828,0.79969,0.7999,1.00,1.37
2015.11.12 14:24:12.081,0.7997,0.79989,1.00,1.00
2015.11.12 14:24:12.181,0.7997,0.7999,1.75,1.00
2015.11.12 14:24:12.734,0.79973,0.7999,1.00,1.00
2015.11.12 14:24:13.596,0.79975,0.7999,1.00,1.00
2015.11.12 14:24:14.101,0.79976,0.7999,1.00,1.00
2015.11.12 14:24:15.154,0.79976,0.79991,1.00,1.00
2015.11.12 14:24:16.646,0.79976,0.79996,1.00,1.00
2015.11.12 14:24:16.697,0.79978,0.79996,1.12,1.00
2015.11.12 14:24:17.061,0.79978,0.8,1.12,1.12
2015.11.12 14:24:17.162,0.79978,0.8,1.75,1.00
2015.11.12 14:24:18.135,0.79978,0.80001,1.50,1.12
2015.11.12 14:24:18.236,0.79978,0.79995,1.50,1.00
2015.11.12 14:24:18.819,0.79978,0.8,1.50,1.00
2015.11.12 14:24:19.119,0.79975,0.79996,1.75,1.00
2015.11.12 14:24:19.170,0.79975,0.79996,1.75,1.00
2015.11.12 14:24:24.500,0.79975,0.79995,1.75,1.00
2015.11.12 14:24:27.576,0.79977,0.79995,1.75,1.00
2015.11.12 14:24:27.803,0.79977,0.8,1.75,1.00
2015.11.12 14:24:28.005,0.79981,0.8,1.00,1.00
2015.11.12 14:24:28.345,0.79983,0.8,1.00,1.00
2015.11.12 14:24:28.845,0.79981,0.8,1.00,1.00
2015.11.12 14:24:28.896,0.79981,0.79995,1.00,1.00
2015.11.12 14:24:29.107,0.79976,0.79995,1.75,1.00
2015.11.12 14:24:30.596,0.79974,0.8,2.25,1.00
2015.11.12 14:24:30.748,0.79982,0.80005,1.00,1.75
2015.11.12 14:24:31.227,0.79984,0.80005,1.00,1.12
2015.11.12 14:24:32.928,0.79986,0.80005,1.00,1.12
2015.11.12 14:24:33.306,0.79983,0.80005,1.12,1.12
2015.11.12 14:24:36.245,0.79987,0.80005,1.00,1.12
2015.11.12 14:24:36.670,0.79983,0.80005,1.12,1.12
2015.11.12 14:24:37.648,0.79984,0.80006,1.00,1.50
2015.11.12 14:24:37.850,0.79984,0.80006,1.75,1.00
2015.11.12 14:24:38.915,0.79984,0.80005,1.75,1.00
2015.11.12 14:24:41.541,0.79988,0.80005,1.00,1.00
2015.11.12 14:24:41.743,0.79986,0.80005,1.12,1.00
2015.11.12 14:24:42.412,0.79988,0.80011,1.12,1.37
2015.11.12 14:24:42.465,0.79988,0.80011,1.50,1.12
2015.11.12 14:24:42.819,0.79992,0.8001,1.00,1.00
2015.11.12 14:24:44.034,0.79987,0.8001,1.75,1.00
2015.11.12 14:24:44.085,0.79987,0.80006,1.00,1.75
2015.11.12 14:24:44.186,0.79987,0.80005,1.00,1.00
2015.11.12 14:24:44.707,0.79986,0.80005,1.00,1.00
2015.11.12 14:24:45.466,0.7998,0.80006,2.25,1.00
2015.11.12 14:24:46.166,0.79982,0.80005,1.37,1.37
2015.11.12 14:24:46.216,0.79982,0.80005,1.00,1.75
2015.11.12 14:24:46.317,0.79978,0.80005,3.00,1.87
2015.11.12 14:24:52.775,0.79986,0.80009,1.12,1.37
2015.11.12 14:24:52.826,0.79989,0.8001,1.00,1.50
2015.11.12 14:24:53.078,0.79987,0.8001,1.00,1.00
2015.11.12 14:24:54.626,0.79987,0.8001,1.00,1.75
2015.11.12 14:24:54.727,0.79985,0.80005,1.00,1.00
2015.11.12 14:24:55.234,0.79986,0.80005,1.00,1.00
2015.11.12 14:24:55.779,0.79985,0.80005,1.00,1.00
2015.11.12 14:24:56.294,0.79986,0.80006,1.00,1.12
2015.11.12 14:24:57.706,0.79986,0.80005,1.50,1.00
2015.11.12 14:24:58.226,0.79988,0.8001,1.00,1.75
2015.11.12 14:24:58.630,0.79987,0.8001,1.12,1.50
2015.11.12 14:24:59.290,0.79988,0.8001,1.00,1.50
2015.11.12 14:24:59.810,0.79987,0.8001,1.12,1.50
2015.11.12 14:25:00.724,0.79986,0.80005,1.00,1.75
2015.11.12 14:25:00.776,0.79982,0.80005,1.87,1.75
2015.11.12 14:25:01.743,0.79983,0.80005,1.00,1.75
2015.11.12 14:25:02.567,0.79983,0.80005,2.25,1.00
2015.11.12 14:25:02.819,0.79983,0.8001,2.25,2.25
2015.11.12 14:25:02.920,0.79986,0.8001,1.37,1.37
2015.11.12 14:25:02.971,0.79987,0.8001,1.00,1.00
2015.11.12 14:25:03.022,0.79986,0.8001,3.75,1.00
2015.11.12 14:25:03.123,0.79994,0.80015,1.12,1.00
2015.11.12 14:25:04.576,0.7999,0.8001,2.25,1.00
2015.11.12 14:25:04.777,0.7999,0.8001,1.87,1.00
2015.11.12 14:25:04.878,0.7999,0.80015,1.87,1.50
2015.11.12 14:25:07.423,0.79991,0.8001,1.12,1.00
2015.11.12 14:25:08.302,0.7999,0.80005,1.37,1.00
2015.11.12 14:25:08.667,0.79981,0.80005,1.00,1.75
2015.11.12 14:25:10.217,0.79982,0.80005,1.00,1.75
2015.11.12 14:25:10.671,0.7998,0.80005,1.00,1.75
2015.11.12 14:25:11.202,0.79981,0.80005,1.00,1.75
2015.11.12 14:25:12.327,0.7998,0.80005,1.00,1.75
2015.11.12 14:25:17.026,0.79988,0.8001,1.00,1.00
2015.11.12 14:25:17.881,0.79988,0.80006,1.00,1.00
2015.11.12 14:25:18.304,0.79986,0.80005,1.12,1.00
2015.11.12 14:25:19.217,0.79982,0.80005,2.25,1.12
2015.11.12 14:25:19.969,0.79983,0.8001,1.50,2.25
2015.11.12 14:25:20.020,0.79987,0.8001,1.00,1.75
2015.11.12 14:25:20.525,0.79988,0.80015,1.00,2.25
2015.11.12 14:25:20.626,0.79988,0.80015,1.50,2.25
2015.11.12 14:25:21.366,0.79988,0.8001,1.50,1.00
2015.11.12 14:25:22.044,0.79989,0.80015,1.12,1.75
2015.11.12 14:25:22.095,0.79991,0.80015,1.00,1.75
2015.11.12 14:25:22.246,0.79991,0.80015,1.50,1.50
2015.11.12 14:25:26.394,0.79999,0.8002,1.00,1.75
2015.11.12 14:25:26.496,0.79998,0.8002,1.12,1.12
2015.11.12 14:25:27.128,0.79998,0.80016,1.00,1.12
2015.11.12 14:25:27.179,0.79996,0.80016,1.00,1.12
2015.11.12 14:25:27.281,0.79994,0.80015,1.12,1.00
2015.11.12 14:25:27.815,0.79995,0.80015,1.00,1.00
2015.11.12 14:25:28.338,0.79994,0.80015,1.12,1.00
2015.11.12 14:25:29.787,0.79997,0.80015,1.00,1.00
2015.11.12 14:25:30.291,0.79997,0.8002,1.00,1.75
2015.11.12 14:25:30.448,0.79995,0.8002,1.00,1.75
2015.11.12 14:25:31.010,0.79994,0.80015,1.12,1.00
2015.11.12 14:25:31.555,0.79995,0.80015,1.00,1.00
2015.11.12 14:25:32.540,0.79995,0.80015,1.37,1.00
2015.11.12 14:25:34.068,0.79996,0.8002,1.50,1.50
2015.11.12 14:25:34.471,0.79996,0.80015,1.50,1.00
2015.11.12 14:25:36.229,0.79996,0.8002,1.50,1.50
2015.11.12 14:25:37.281,0.79996,0.8002,1.12,2.25
2015.11.12 14:25:37.534,0.79994,0.8002,1.00,1.75
2015.11.12 14:25:38.035,0.79995,0.8002,1.00,1.75
2015.11.12 14:25:38.187,0.79995,0.8002,2.25,1.75
2015.11.12 14:25:38.692,0.79997,0.8002,1.00,1.75
2015.11.12 14:25:39.239,0.79996,0.8002,1.12,1.75
2015.11.12 14:25:40.271,0.79997,0.8002,1.00,1.75
2015.11.12 14:25:48.694,0.79998,0.80025,1.00,3.00
2015.11.12 14:25:49.847,0.79997,0.80024,1.00,1.75
2015.11.12 14:25:50.944,0.79996,0.80024,1.12,1.75
2015.11.12 14:25:51.944,0.79997,0.80024,1.00,1.75
2015.11.12 14:25:53.155,0.79996,0.80022,1.12,1.75
2015.11.12 14:25:55.333,0.79997,0.80024,1.00,1.75
2015.11.12 14:25:55.963,0.79998,0.80025,1.00,4.50
2015.11.12 14:25:56.480,0.79997,0.80023,1.00,1.75
2015.11.12 14:25:57.417,0.8,0.80025,1.12,1.75
2015.11.12 14:25:57.468,0.8,0.80025,1.12,1.75
2015.11.12 14:25:57.620,0.80008,0.80028,1.00,2.25
2015.11.12 14:25:57.874,0.80011,0.80035,1.12,1.75
2015.11.12 14:25:59.036,0.80009,0.80036,1.00,1.75
2015.11.12 14:25:59.550,0.80008,0.80037,1.12,3.00
2015.11.12 14:25:59.891,0.8001,0.80037,1.00,3.00
2015.11.12 14:26:00.195,0.80007,0.80036,1.50,3.00
2015.11.12 14:26:00.346,0.80005,0.80034,3.00,1.75
2015.11.12 14:26:00.947,0.80007,0.80034,1.00,2.25
2015.11.12 14:26:01.269,0.80008,0.80035,1.12,2.25
2015.11.12 14:26:02.235,0.80006,0.80029,1.75,1.00
2015.11.12 14:26:02.638,0.80007,0.80033,1.50,1.37
2015.11.12 14:26:02.689,0.80013,0.80036,1.12,1.87
2015.11.12 14:26:03.837,0.80009,0.80036,1.50,3.00
2015.11.12 14:26:03.888,0.80006,0.80033,1.75,1.75
2015.11.12 14:26:09.636,0.80007,0.80033,1.12,1.75
2015.11.12 14:26:10.159,0.80005,0.80031,1.50,1.75
2015.11.12 14:26:10.731,0.80008,0.80034,1.00,1.75
2015.11.12 14:26:11.512,0.8001,0.80034,1.00,1.75
2015.11.12 14:26:14.018,0.80009,0.80034,1.00,1.75
2015.11.12 14:26:14.538,0.80009,0.80035,1.00,1.75
2015.11.12 14:26:16.607,0.8001,0.80035,1.00,2.25
2015.11.12 14:26:17.538,0.80009,0.80035,1.00,1.75
2015.11.12 14:26:18.283,0.8001,0.80037,1.00,4.50
2015.11.12 14:26:18.487,0.80011,0.80036,1.12,1.75
2015.11.12 14:26:19.000,0.8001,0.80035,1.00,3.00
2015.11.12 14:26:19.202,0.80008,0.80035,1.12,3.75
2015.11.12 14:26:23.830,0.80009,0.80035,1.00,3.00
2015.11.12 14:26:26.236,0.8001,0.80035,1.00,1.75
2015.11.12 14:26:27.281,0.80011,0.80036,1.00,1.75
2015.11.12 14:26:28.409,0.8001,0.80035,1.00,1.75
2015.11.12 14:26:28.857,0.80011,0.80035,1.12,1.75
2015.11.12 14:26:37.450,0.80012,0.80035,1.00,1.75
2015.11.12 14:26:38.010,0.80011,0.80035,1.12,1.75
2015.11.12 14:26:42.034,0.8001,0.80035,1.00,1.75
2015.11.12 14:26:42.085,0.80008,0.80035,1.12,1.75
2015.11.12 14:26:42.622,0.80009,0.80034,1.00,1.75
2015.11.12 14:26:44.268,0.80008,0.80035,1.12,2.25
2015.11.12 14:26:45.604,0.8001,0.80033,1.00,1.75
2015.11.12 14:26:45.806,0.80007,0.80034,2.25,1.75
2015.11.12 14:26:51.676,0.80008,0.80034,1.00,1.75
2015.11.12 14:26:51.777,0.80006,0.80033,1.12,1.75
2015.11.12 14:27:00.163,0.80005,0.80027,1.75,1.12
2015.11.12 14:27:00.424,0.80003,0.80029,1.75,1.00
2015.11.12 14:27:00.928,0.80004,0.80031,1.75,1.50
2015.11.12 14:27:01.634,0.80003,0.80029,1.75,1.00
2015.11.12 14:27:02.138,0.80004,0.80031,1.75,1.50
2015.11.12 14:27:02.289,0.80004,0.80031,1.75,1.75
2015.11.12 14:27:02.654,0.80003,0.80029,1.75,1.75
2015.11.12 14:27:08.001,0.8,0.80027,2.25,1.75
2015.11.12 14:27:16.264,0.79999,0.80021,1.75,1.00
2015.11.12 14:27:16.466,0.79995,0.80021,1.75,1.37
2015.11.12 14:27:21.615,0.79997,0.80024,1.75,1.50
2015.11.12 14:27:21.666,0.80001,0.80024,1.00,1.50
2015.11.12 14:27:39.003,0.79997,0.80024,2.25,1.50
2015.11.12 14:27:41.747,0.80001,0.80024,2.25,1.00
2015.11.12 14:27:41.798,0.80006,0.80027,1.75,1.00
2015.11.12 14:27:41.849,0.80006,0.80027,1.75,1.00
2015.11.12 14:27:42.236,0.80012,0.80038,1.37,1.75
2015.11.12 14:27:42.930,0.8001,0.80039,3.37,1.50
2015.11.12 14:27:45.659,0.80011,0.80036,1.75,1.00
2015.11.12 14:27:48.937,0.80009,0.80036,1.75,1.37
2015.11.12 14:27:48.987,0.80009,0.80036,1.75,1.75
2015.11.12 14:27:50.853,0.80007,0.80033,1.75,1.37
2015.11.12 14:27:50.904,0.80007,0.80033,1.75,1.75
2015.11.12 14:27:52.704,0.80006,0.80033,2.25,1.00
2015.11.12 14:27:53.562,0.80008,0.80035,1.75,1.37
2015.11.12 14:27:58.483,0.80017,0.8004,1.50,1.50
2015.11.12 14:28:01.500,0.80017,0.80044,1.50,1.75
2015.11.12 14:28:01.551,0.80017,0.80044,1.75,1.75
2015.11.12 14:28:02.093,0.80021,0.80048,1.37,1.75
2015.11.12 14:28:02.143,0.80021,0.80048,1.75,1.75
2015.11.12 14:28:06.106,0.80019,0.80046,1.75,1.50
2015.11.12 14:28:06.157,0.80019,0.80046,1.75,1.75
2015.11.12 14:28:07.552,0.8002,0.80047,1.75,2.25
2015.11.12 14:28:10.101,0.80022,0.80049,1.75,1.50
2015.11.12 14:28:10.152,0.80025,0.80049,1.75,1.12
2015.11.12 14:28:10.557,0.80029,0.80053,1.37,1.37
2015.11.12 14:28:13.198,0.80028,0.80057,1.50,1.75
2015.11.12 14:28:13.741,0.80029,0.80055,1.75,1.12
2015.11.12 14:28:19.820,0.80029,0.80055,2.25,1.00
2015.11.12 14:28:20.401,0.80034,0.80061,2.25,1.75
2015.11.12 14:28:20.452,0.80034,0.80061,2.25,1.12
2015.11.12 14:28:23.602,0.80035,0.8006,1.75,1.00
2015.11.12 14:28:23.653,0.80035,0.8006,1.75,1.37
2015.11.12 14:28:23.804,0.80031,0.80057,1.50,1.75
2015.11.12 14:28:24.308,0.80034,0.80058,1.00,1.75
2015.11.12 14:28:25.114,0.80035,0.80058,1.00,1.75
2015.11.12 14:28:29.441,0.80036,0.80061,1.00,1.75
2015.11.12 14:28:30.847,0.80035,0.8006,1.00,1.75
2015.11.12 14:28:30.948,0.80035,0.80061,1.37,1.75
2015.11.12 14:28:31.459,0.80035,0.80061,1.50,1.75
2015.11.12 14:28:34.613,0.80037,0.80064,1.00,1.75
2015.11.12 14:28:35.096,0.80037,0.80064,1.75,1.75
2015.11.12 14:28:36.844,0.80032,0.80059,1.50,1.75
2015.11.12 14:28:38.212,0.8003,0.80053,2.25,1.00
2015.11.12 14:28:38.415,0.80025,0.80046,1.50,1.12
2015.11.12 14:28:38.465,0.80025,0.80044,1.00,1.00
2015.11.12 14:28:38.974,0.80025,0.80043,1.00,1.12
2015.11.12 14:28:40.407,0.80025,0.80045,1.50,1.00
2015.11.12 14:28:40.944,0.80026,0.80048,1.00,1.50
2015.11.12 14:28:43.788,0.80026,0.80052,1.37,1.75
2015.11.12 14:28:44.326,0.80027,0.80051,1.12,1.75
