2014.10.06 16:00:01.174,0.85112,0.85137,1.00,1.15
2014.10.06 16:00:01.476,0.8511,0.85135,1.00,1.15
2014.10.06 16:00:03.649,0.8511,0.85133,1.00,2.32
2014.10.06 16:00:03.851,0.85106,0.85131,1.10,1.15
2014.10.06 16:00:08.665,0.85111,0.85131,1.05,1.07
2014.10.06 16:00:08.715,0.85111,0.85131,1.05,1.00
2014.10.06 16:00:08.766,0.8511,0.85135,1.07,1.17
2014.10.06 16:00:08.817,0.85115,0.85135,1.00,1.17
2014.10.06 16:00:09.181,0.8511,0.85135,1.57,1.17
2014.10.06 16:00:09.693,0.85115,0.85135,1.00,1.17
2014.10.06 16:00:10.247,0.85116,0.85139,1.00,2.32
2014.10.06 16:00:10.549,0.8512,0.85139,1.00,1.15
2014.10.06 16:00:10.600,0.85115,0.85139,1.00,1.15
2014.10.06 16:00:10.701,0.85116,0.85141,1.80,1.17
2014.10.06 16:00:10.752,0.85118,0.85143,1.00,1.15
2014.10.06 16:00:11.055,0.8512,0.85145,1.00,1.15
2014.10.06 16:00:11.512,0.8512,0.85145,1.65,1.17
2014.10.06 16:00:11.715,0.8512,0.85145,1.00,1.15
2014.10.06 16:00:11.765,0.85118,0.85143,1.00,1.15
2014.10.06 16:00:12.227,0.85116,0.85141,1.00,1.15
2014.10.06 16:00:12.731,0.85112,0.85137,1.00,1.15
2014.10.06 16:00:13.635,0.85114,0.85139,1.00,1.75
2014.10.06 16:00:13.735,0.85115,0.85139,1.00,1.75
2014.10.06 16:00:14.475,0.85116,0.85141,1.00,1.15
2014.10.06 16:00:14.710,0.85114,0.85139,1.10,1.87
2014.10.06 16:00:15.012,0.85115,0.85137,1.00,1.12
2014.10.06 16:00:15.315,0.85114,0.85135,1.00,1.87
2014.10.06 16:00:15.840,0.85115,0.85132,1.00,1.12
2014.10.06 16:00:15.891,0.8511,0.85132,1.00,1.12
2014.10.06 16:00:16.392,0.85105,0.85132,1.65,1.87
2014.10.06 16:00:16.753,0.85105,0.85132,1.50,1.87
2014.10.06 16:00:17.065,0.851,0.85124,1.50,1.12
2014.10.06 16:00:17.468,0.851,0.85122,1.00,1.15
2014.10.06 16:00:18.601,0.85104,0.85123,1.00,1.15
2014.10.06 16:00:19.065,0.85104,0.85125,1.00,1.15
2014.10.06 16:00:19.166,0.851,0.85125,1.50,1.15
2014.10.06 16:00:19.377,0.85105,0.85125,1.00,1.15
2014.10.06 16:00:20.797,0.85104,0.85127,1.00,1.15
2014.10.06 16:00:21.601,0.8511,0.85129,1.00,1.17
2014.10.06 16:00:29.922,0.85109,0.85131,1.00,1.15
2014.10.06 16:00:30.471,0.8511,0.85131,1.00,1.15
2014.10.06 16:00:32.128,0.85115,0.85131,1.00,1.15
2014.10.06 16:00:32.261,0.8511,0.85131,1.00,1.15
2014.10.06 16:00:33.017,0.85115,0.85131,1.00,1.15
2014.10.06 16:00:34.083,0.85115,0.85133,1.00,1.15
2014.10.06 16:00:34.221,0.85115,0.85133,1.00,1.15
2014.10.06 16:00:34.431,0.8511,0.85133,1.00,1.15
2014.10.06 16:00:35.862,0.85115,0.85133,1.00,1.15
2014.10.06 16:00:37.639,0.8511,0.85133,1.00,1.15
2014.10.06 16:00:46.551,0.85109,0.85131,1.00,1.10
2014.10.06 16:00:48.402,0.8511,0.85131,1.00,1.10
2014.10.06 16:00:48.554,0.85115,0.85131,1.00,1.10
2014.10.06 16:00:48.866,0.85115,0.85131,1.00,1.15
2014.10.06 16:00:50.019,0.85115,0.85131,1.00,1.17
2014.10.06 16:00:50.070,0.85115,0.85131,1.00,1.10
2014.10.06 16:00:50.717,0.8511,0.85131,1.00,1.10
2014.10.06 16:00:51.951,0.85109,0.85131,1.00,1.10
2014.10.06 16:00:52.159,0.85115,0.85131,1.00,1.10
2014.10.06 16:00:52.394,0.85115,0.85133,1.00,1.00
2014.10.06 16:00:52.445,0.85115,0.85138,1.00,1.15
2014.10.06 16:00:52.496,0.85111,0.85138,1.15,1.15
2014.10.06 16:00:52.547,0.8511,0.85134,1.07,1.07
2014.10.06 16:00:52.901,0.85106,0.85131,1.15,1.00
2014.10.06 16:00:53.405,0.8511,0.85132,1.07,1.35
2014.10.06 16:00:54.521,0.85112,0.85134,1.00,2.17
2014.10.06 16:00:55.533,0.8511,0.85134,1.57,2.10
2014.10.06 16:00:55.836,0.85115,0.85134,1.00,2.10
2014.10.06 16:00:55.886,0.85112,0.85134,1.17,2.10
2014.10.06 16:00:56.239,0.85114,0.85138,1.00,1.45
2014.10.06 16:00:56.491,0.85112,0.85132,1.07,1.37
2014.10.06 16:00:56.542,0.8511,0.85132,1.00,1.45
2014.10.06 16:00:56.643,0.85106,0.85131,1.00,1.15
2014.10.06 16:00:57.240,0.85105,0.85129,1.10,1.17
2014.10.06 16:00:58.043,0.85104,0.85127,1.17,1.30
2014.10.06 16:00:58.094,0.85104,0.85127,1.07,1.37
2014.10.06 16:00:58.145,0.85101,0.85126,1.10,1.15
2014.10.06 16:00:59.372,0.85102,0.85127,1.00,1.65
2014.10.06 16:00:59.924,0.851,0.85125,1.17,1.15
2014.10.06 16:01:00.400,0.85104,0.85127,1.00,1.65
2014.10.06 16:01:00.552,0.851,0.85125,1.65,1.15
2014.10.06 16:01:00.602,0.85104,0.85127,1.07,1.07
2014.10.06 16:01:00.754,0.85109,0.85128,1.00,1.00
2014.10.06 16:01:00.855,0.85109,0.8513,1.65,1.00
2014.10.06 16:01:01.056,0.85111,0.85132,1.00,1.10
2014.10.06 16:01:01.571,0.85114,0.85138,1.00,2.32
2014.10.06 16:01:01.672,0.8511,0.85135,1.65,1.10
2014.10.06 16:01:01.823,0.8511,0.85135,1.57,1.17
2014.10.06 16:01:01.873,0.8511,0.85135,1.50,1.15
2014.10.06 16:01:02.628,0.85108,0.85133,1.17,1.17
2014.10.06 16:01:02.830,0.85108,0.85133,1.07,1.15
2014.10.06 16:01:02.881,0.85106,0.85131,1.00,1.15
2014.10.06 16:01:03.133,0.85106,0.85131,1.00,3.07
2014.10.06 16:01:03.499,0.8511,0.85127,1.00,1.00
2014.10.06 16:01:03.550,0.8511,0.85131,1.00,1.15
2014.10.06 16:01:03.601,0.85106,0.85131,1.10,1.15
2014.10.06 16:01:04.004,0.85102,0.85127,1.15,1.00
2014.10.06 16:01:04.104,0.85105,0.8513,1.65,1.17
2014.10.06 16:01:04.205,0.85105,0.85127,1.17,1.00
2014.10.06 16:01:04.357,0.85102,0.85127,1.07,1.07
2014.10.06 16:01:04.887,0.85104,0.85129,1.00,1.87
2014.10.06 16:01:04.987,0.851,0.85121,1.87,1.00
2014.10.06 16:01:05.290,0.85105,0.85121,1.00,1.00
2014.10.06 16:01:05.698,0.851,0.85121,1.00,1.00
2014.10.06 16:01:06.095,0.851,0.85118,1.00,1.00
2014.10.06 16:01:06.598,0.851,0.85119,1.17,1.00
2014.10.06 16:01:06.649,0.851,0.85121,1.17,1.00
2014.10.06 16:01:06.750,0.851,0.85119,1.17,1.00
2014.10.06 16:01:07.071,0.851,0.85121,1.17,1.00
2014.10.06 16:01:07.122,0.85105,0.85121,1.00,1.00
2014.10.06 16:01:07.173,0.85105,0.85123,1.00,1.00
2014.10.06 16:01:07.584,0.85105,0.85125,1.10,1.00
2014.10.06 16:01:07.635,0.85105,0.85123,1.10,1.00
2014.10.06 16:01:07.736,0.851,0.85125,1.87,1.00
2014.10.06 16:01:07.837,0.851,0.85122,1.87,1.00
2014.10.06 16:01:08.139,0.85098,0.8512,1.45,1.00
2014.10.06 16:01:08.441,0.851,0.85118,1.07,1.00
2014.10.06 16:01:08.492,0.851,0.85117,1.00,1.00
2014.10.06 16:01:08.643,0.85098,0.85118,1.45,1.00
2014.10.06 16:01:08.744,0.85099,0.8512,1.45,1.00
2014.10.06 16:01:09.063,0.85105,0.85122,1.00,1.00
2014.10.06 16:01:09.629,0.85105,0.8512,1.00,1.00
2014.10.06 16:01:09.881,0.851,0.8512,1.00,1.00
2014.10.06 16:01:10.033,0.851,0.85118,1.00,1.00
2014.10.06 16:01:10.380,0.851,0.85116,1.00,1.00
2014.10.06 16:01:10.695,0.85095,0.85113,1.00,1.17
2014.10.06 16:01:10.846,0.851,0.8511,1.00,1.00
2014.10.06 16:01:10.947,0.851,0.85113,1.00,1.07
2014.10.06 16:01:11.048,0.851,0.85115,1.00,1.00
2014.10.06 16:01:11.653,0.85105,0.85115,1.00,1.00
2014.10.06 16:01:11.704,0.85105,0.85118,1.00,1.00
2014.10.06 16:01:11.804,0.85105,0.8512,1.00,1.00
2014.10.06 16:01:11.855,0.85098,0.8512,1.45,1.00
2014.10.06 16:01:11.906,0.85098,0.85118,1.45,1.00
2014.10.06 16:01:12.107,0.85095,0.85117,1.15,1.00
2014.10.06 16:01:12.208,0.85095,0.85117,1.10,1.10
2014.10.06 16:01:13.561,0.85096,0.85114,1.37,1.00
2014.10.06 16:01:13.662,0.85096,0.85116,1.45,1.00
2014.10.06 16:01:14.100,0.85096,0.85118,1.45,1.00
2014.10.06 16:01:14.352,0.85098,0.8512,1.05,1.10
2014.10.06 16:01:14.604,0.851,0.8512,1.00,1.10
2014.10.06 16:01:14.705,0.85099,0.85122,1.45,1.00
2014.10.06 16:01:16.196,0.85097,0.8512,1.45,1.00
2014.10.06 16:01:16.297,0.851,0.85122,1.12,1.00
2014.10.06 16:01:16.632,0.85099,0.8512,1.37,1.00
2014.10.06 16:01:17.147,0.851,0.8512,1.00,1.10
2014.10.06 16:01:17.523,0.851,0.85118,1.00,1.00
2014.10.06 16:01:17.674,0.85096,0.85118,1.12,1.00
2014.10.06 16:01:18.132,0.851,0.85118,1.00,1.00
2014.10.06 16:01:18.901,0.85095,0.85118,1.87,1.00
2014.10.06 16:01:19.433,0.851,0.85118,1.00,1.00
2014.10.06 16:01:19.685,0.85091,0.85116,1.15,1.10
2014.10.06 16:01:19.786,0.85089,0.85114,2.62,1.00
2014.10.06 16:01:20.441,0.85091,0.85116,1.15,1.10
2014.10.06 16:01:22.848,0.85088,0.85115,1.15,1.00
2014.10.06 16:01:24.071,0.85091,0.85116,1.15,1.10
2014.10.06 16:01:25.390,0.85091,0.85116,1.07,1.17
2014.10.06 16:01:25.592,0.85087,0.85112,1.00,1.15
2014.10.06 16:01:25.945,0.85089,0.85114,1.00,1.87
2014.10.06 16:01:26.170,0.85089,0.85114,1.17,1.87
2014.10.06 16:01:27.619,0.85085,0.8511,1.65,1.00
2014.10.06 16:01:27.922,0.85085,0.85108,1.15,1.00
2014.10.06 16:01:28.174,0.85085,0.85108,1.17,1.00
2014.10.06 16:01:29.035,0.85085,0.85106,1.17,1.00
2014.10.06 16:01:29.395,0.85085,0.85112,1.65,1.45
2014.10.06 16:01:29.979,0.8509,0.85114,1.00,1.87
2014.10.06 16:01:33.394,0.8509,0.85114,1.00,1.15
2014.10.06 16:01:34.307,0.8509,0.8511,1.00,1.00
2014.10.06 16:01:35.182,0.8509,0.8511,1.17,1.00
2014.10.06 16:01:35.647,0.85095,0.85115,1.00,1.10
2014.10.06 16:01:35.748,0.85095,0.85113,1.00,1.00
2014.10.06 16:01:35.849,0.8509,0.85113,1.17,1.00
2014.10.06 16:01:36.101,0.8509,0.8511,1.00,1.00
2014.10.06 16:01:39.900,0.85085,0.8511,1.45,1.00
2014.10.06 16:01:40.370,0.8509,0.8511,1.00,1.00
2014.10.06 16:01:40.578,0.85085,0.8511,1.87,1.00
2014.10.06 16:01:40.729,0.85085,0.85108,1.15,1.00
2014.10.06 16:01:40.889,0.85085,0.85108,1.00,1.50
2014.10.06 16:01:40.989,0.85081,0.85107,1.45,1.17
2014.10.06 16:01:41.040,0.85081,0.85104,1.45,1.00
2014.10.06 16:01:41.344,0.85085,0.85102,1.00,1.00
2014.10.06 16:01:41.495,0.85085,0.85106,1.17,1.00
2014.10.06 16:01:41.898,0.8509,0.85106,1.00,1.00
2014.10.06 16:01:42.151,0.8509,0.85109,1.00,1.00
2014.10.06 16:01:42.669,0.8509,0.8511,1.00,1.00
2014.10.06 16:01:42.871,0.85085,0.8511,1.15,1.00
2014.10.06 16:01:42.922,0.85085,0.85109,1.07,1.07
2014.10.06 16:01:43.024,0.85085,0.85106,1.00,1.10
2014.10.06 16:01:43.326,0.85085,0.85103,1.00,1.10
2014.10.06 16:01:43.859,0.8508,0.85102,1.80,1.00
2014.10.06 16:01:44.363,0.8508,0.85104,1.80,1.07
2014.10.06 16:01:44.868,0.8508,0.85102,1.80,1.00
2014.10.06 16:01:44.969,0.85085,0.85102,1.00,1.00
2014.10.06 16:01:45.327,0.85081,0.85102,1.05,1.00
2014.10.06 16:01:46.441,0.8508,0.85107,1.07,1.15
2014.10.06 16:01:46.642,0.85085,0.85107,1.00,1.15
2014.10.06 16:01:47.749,0.8508,0.85109,1.07,4.05
2014.10.06 16:01:50.160,0.85085,0.85109,1.00,3.07
2014.10.06 16:01:50.211,0.85085,0.85109,1.00,1.15
2014.10.06 16:01:50.722,0.85081,0.8511,1.45,1.45
2014.10.06 16:01:51.246,0.85085,0.85107,1.00,1.07
2014.10.06 16:01:53.040,0.85091,0.8511,2.10,1.15
2014.10.06 16:01:53.266,0.851,0.85127,1.07,2.32
2014.10.06 16:01:53.367,0.85105,0.85129,1.00,1.45
2014.10.06 16:01:53.632,0.85108,0.85135,1.45,1.00
2014.10.06 16:01:53.683,0.85111,0.85135,1.45,1.00
2014.10.06 16:01:53.884,0.85112,0.85139,2.32,1.30
2014.10.06 16:01:53.935,0.8511,0.85139,3.07,1.05
2014.10.06 16:01:54.490,0.8511,0.85139,3.07,1.12
2014.10.06 16:01:54.541,0.8511,0.85139,1.15,1.45
2014.10.06 16:01:55.080,0.8511,0.85135,1.15,1.30
2014.10.06 16:01:55.620,0.85109,0.85136,1.15,1.05
2014.10.06 16:01:56.010,0.85115,0.85138,1.00,1.45
2014.10.06 16:01:56.180,0.85109,0.85138,1.15,1.45
2014.10.06 16:01:56.335,0.85115,0.85138,1.00,1.45
2014.10.06 16:01:56.638,0.85115,0.85139,1.00,2.32
2014.10.06 16:01:56.738,0.85115,0.85142,1.00,2.05
2014.10.06 16:01:57.596,0.85115,0.85138,1.00,1.45
2014.10.06 16:01:57.647,0.8511,0.85138,1.17,1.45
2014.10.06 16:02:02.120,0.8511,0.85137,1.15,1.37
2014.10.06 16:02:02.171,0.8511,0.85137,1.15,1.05
2014.10.06 16:02:03.600,0.8511,0.85139,1.15,1.45
2014.10.06 16:02:03.651,0.8511,0.85139,1.15,1.45
2014.10.06 16:02:05.181,0.85106,0.85136,3.30,1.45
2014.10.06 16:02:05.282,0.85105,0.85134,1.15,1.45
2014.10.06 16:02:07.660,0.85105,0.85131,1.15,1.30
2014.10.06 16:02:07.761,0.85105,0.85129,1.17,1.05
2014.10.06 16:02:07.812,0.85105,0.85129,1.07,1.12
2014.10.06 16:02:08.193,0.85104,0.85129,1.10,1.45
2014.10.06 16:02:08.695,0.85105,0.85129,1.00,1.45
2014.10.06 16:02:09.199,0.85111,0.85132,1.30,2.25
2014.10.06 16:02:09.249,0.85111,0.85133,1.30,1.17
2014.10.06 16:02:09.300,0.85116,0.85135,3.00,1.07
2014.10.06 16:02:09.351,0.8512,0.85135,2.25,1.00
2014.10.06 16:02:09.452,0.85122,0.85142,1.72,1.00
2014.10.06 16:02:09.553,0.85122,0.85151,1.72,1.17
2014.10.06 16:02:09.605,0.85125,0.85151,1.15,1.07
2014.10.06 16:02:09.655,0.85125,0.85154,2.62,1.45
2014.10.06 16:02:09.706,0.85127,0.85154,2.32,1.37
2014.10.06 16:02:09.958,0.85128,0.85155,2.32,1.30
2014.10.06 16:02:10.462,0.8513,0.85155,3.07,1.30
2014.10.06 16:02:10.613,0.8513,0.85157,3.07,1.30
2014.10.06 16:02:11.121,0.8513,0.85156,3.07,1.30
2014.10.06 16:02:11.272,0.8513,0.85155,1.15,1.30
2014.10.06 16:02:11.323,0.85139,0.85155,2.10,1.30
2014.10.06 16:02:11.374,0.8514,0.85161,1.35,1.20
2014.10.06 16:02:11.579,0.8514,0.85165,1.50,1.12
2014.10.06 16:02:11.630,0.85145,0.85166,1.00,1.37
2014.10.06 16:02:11.681,0.85145,0.85166,1.00,1.30
2014.10.06 16:02:11.732,0.85145,0.85166,1.00,1.37
2014.10.06 16:02:11.984,0.85145,0.85168,1.00,1.45
2014.10.06 16:02:12.287,0.8515,0.85172,1.00,1.45
2014.10.06 16:02:12.794,0.85149,0.85169,1.00,1.05
2014.10.06 16:02:12.946,0.85145,0.85169,1.07,1.05
2014.10.06 16:02:12.997,0.85145,0.85169,1.07,1.12
2014.10.06 16:02:13.047,0.85144,0.85168,1.00,1.45
2014.10.06 16:02:13.645,0.85145,0.85168,1.00,1.45
2014.10.06 16:02:17.401,0.85145,0.8517,1.00,1.15
2014.10.06 16:02:17.451,0.8515,0.85172,1.00,1.15
2014.10.06 16:02:17.552,0.85146,0.85174,3.30,1.00
2014.10.06 16:02:17.703,0.85149,0.85174,1.10,1.15
2014.10.06 16:02:17.855,0.85155,0.85174,1.00,1.15
2014.10.06 16:02:17.905,0.85155,0.85177,1.10,1.30
2014.10.06 16:02:18.208,0.8515,0.85173,1.65,1.30
2014.10.06 16:02:18.308,0.8515,0.85173,1.00,1.12
2014.10.06 16:02:18.972,0.85147,0.85172,2.25,1.05
2014.10.06 16:02:19.173,0.85145,0.85172,1.15,1.37
2014.10.06 16:02:19.224,0.85145,0.85172,1.17,1.45
2014.10.06 16:02:19.500,0.8515,0.85172,1.00,1.45
2014.10.06 16:02:20.051,0.85149,0.85172,1.00,1.45
2014.10.06 16:02:20.581,0.8515,0.85172,1.00,1.45
2014.10.06 16:02:21.041,0.85145,0.85172,1.17,1.45
2014.10.06 16:02:21.701,0.8515,0.85172,1.00,1.45
2014.10.06 16:02:21.819,0.85144,0.85172,1.50,1.45
2014.10.06 16:02:21.919,0.85149,0.85172,1.00,1.45
2014.10.06 16:02:23.141,0.85147,0.85174,1.30,2.32
2014.10.06 16:02:23.682,0.85145,0.85172,1.17,1.45
2014.10.06 16:02:25.295,0.85145,0.85166,1.17,1.30
2014.10.06 16:02:26.415,0.85145,0.85166,1.10,1.05
2014.10.06 16:02:27.207,0.85145,0.85166,1.00,1.37
2014.10.06 16:02:27.510,0.85135,0.85153,1.00,1.05
2014.10.06 16:02:27.610,0.8513,0.85153,1.70,1.05
2014.10.06 16:02:27.712,0.8513,0.85151,1.60,1.37
2014.10.06 16:02:28.014,0.8513,0.8515,1.00,2.32
2014.10.06 16:02:28.115,0.85122,0.85146,2.17,1.45
2014.10.06 16:02:28.166,0.8512,0.85143,1.15,1.30
2014.10.06 16:02:28.267,0.8512,0.85143,1.00,1.12
2014.10.06 16:02:28.519,0.8512,0.85142,1.00,1.37
2014.10.06 16:02:31.574,0.85119,0.85145,1.00,2.32
2014.10.06 16:02:31.675,0.85125,0.85153,1.05,2.70
2014.10.06 16:02:31.726,0.85125,0.85154,1.37,2.70
2014.10.06 16:02:31.777,0.85125,0.85155,1.45,3.00
2014.10.06 16:02:31.828,0.85125,0.85155,1.45,3.00
2014.10.06 16:02:31.879,0.85127,0.85155,1.45,1.15
2014.10.06 16:02:32.951,0.8513,0.85155,1.00,2.32
2014.10.06 16:02:33.003,0.85126,0.85155,1.05,3.30
2014.10.06 16:02:33.054,0.85126,0.85152,1.30,2.32
2014.10.06 16:02:33.105,0.85124,0.85152,1.10,3.30
2014.10.06 16:02:33.156,0.8513,0.85152,1.00,1.12
2014.10.06 16:02:33.458,0.85134,0.85156,1.00,1.45
2014.10.06 16:02:33.560,0.85135,0.85154,1.00,1.30
2014.10.06 16:02:33.661,0.85135,0.85157,1.10,1.05
2014.10.06 16:02:33.762,0.85135,0.85158,1.17,1.30
2014.10.06 16:02:34.064,0.8514,0.85159,1.00,1.30
2014.10.06 16:02:34.115,0.8514,0.85161,1.00,1.30
2014.10.06 16:02:34.366,0.85135,0.85161,1.07,1.97
2014.10.06 16:02:34.467,0.85135,0.85158,1.00,1.45
2014.10.06 16:02:34.518,0.85135,0.85153,1.00,1.30
2014.10.06 16:02:34.770,0.85135,0.85159,1.10,1.37
2014.10.06 16:02:34.871,0.85135,0.85159,1.17,1.05
2014.10.06 16:02:36.049,0.85135,0.85155,1.17,1.30
2014.10.06 16:02:36.558,0.85135,0.85155,1.00,1.05
2014.10.06 16:02:36.888,0.85135,0.85153,1.00,1.30
2014.10.06 16:02:38.138,0.85135,0.85154,1.00,1.30
2014.10.06 16:02:38.279,0.8513,0.85154,1.15,1.30
2014.10.06 16:02:38.581,0.8513,0.85158,3.07,1.05
2014.10.06 16:02:39.485,0.85134,0.8516,1.15,1.30
2014.10.06 16:02:40.124,0.85135,0.85163,1.15,1.12
2014.10.06 16:02:41.049,0.8514,0.85162,1.00,1.05
2014.10.06 16:02:42.169,0.85135,0.85162,1.15,1.05
2014.10.06 16:02:44.642,0.85135,0.85161,1.15,1.30
2014.10.06 16:02:45.146,0.85135,0.8516,1.15,1.30
2014.10.06 16:02:45.197,0.85135,0.85161,1.07,1.12
2014.10.06 16:02:46.974,0.85135,0.85161,1.15,1.30
2014.10.06 16:02:47.478,0.85135,0.85163,1.15,1.87
2014.10.06 16:02:49.298,0.85135,0.8516,1.15,1.05
2014.10.06 16:02:49.600,0.85131,0.85161,1.15,1.45
2014.10.06 16:02:49.953,0.85135,0.85159,1.30,1.15
2014.10.06 16:02:50.003,0.85135,0.85164,1.45,1.45
2014.10.06 16:02:50.054,0.8514,0.85164,1.00,1.45
2014.10.06 16:02:50.105,0.8514,0.85164,1.15,1.05
2014.10.06 16:02:50.206,0.8514,0.85167,1.15,1.05
2014.10.06 16:02:50.508,0.85145,0.8517,1.15,1.87
2014.10.06 16:02:52.356,0.85145,0.85168,1.15,1.30
2014.10.06 16:02:52.658,0.85141,0.85162,2.32,1.30
2014.10.06 16:02:53.182,0.85141,0.85163,2.32,1.30
2014.10.06 16:02:53.696,0.85145,0.85164,1.15,1.30
2014.10.06 16:02:54.129,0.85141,0.85166,2.32,1.30
2014.10.06 16:02:54.231,0.85141,0.85164,2.32,1.30
2014.10.06 16:02:55.240,0.8514,0.85164,1.15,1.30
2014.10.06 16:02:56.689,0.85139,0.85164,2.32,1.30
2014.10.06 16:02:57.285,0.8514,0.85165,2.32,1.30
2014.10.06 16:02:57.436,0.85137,0.85165,2.32,1.05
2014.10.06 16:02:59.743,0.85137,0.85164,2.32,1.30
2014.10.06 16:03:00.246,0.85135,0.85164,1.65,1.45
2014.10.06 16:03:00.699,0.85135,0.85159,1.15,1.30
2014.10.06 16:03:00.851,0.85132,0.85159,2.25,1.05
2014.10.06 16:03:00.951,0.85132,0.85157,2.25,1.30
2014.10.06 16:03:01.203,0.85128,0.85156,3.07,1.05
2014.10.06 16:03:01.254,0.85128,0.85153,1.15,1.37
2014.10.06 16:03:01.304,0.85128,0.85153,1.15,1.12
2014.10.06 16:03:02.060,0.85129,0.85154,1.10,1.45
2014.10.06 16:03:02.110,0.85127,0.85154,1.10,1.45
2014.10.06 16:03:02.362,0.85127,0.85147,1.10,1.30
2014.10.06 16:03:02.463,0.85125,0.8515,1.15,1.12
2014.10.06 16:03:04.672,0.85126,0.85155,1.12,1.15
2014.10.06 16:03:04.722,0.85126,0.85155,1.45,1.15
2014.10.06 16:03:04.873,0.8513,0.85155,1.07,1.07
2014.10.06 16:03:05.283,0.85132,0.85161,1.45,1.87
2014.10.06 16:03:05.911,0.85131,0.8516,1.87,3.30
2014.10.06 16:03:06.415,0.85134,0.85159,1.00,1.15
2014.10.06 16:03:06.832,0.8513,0.85155,1.65,1.17
2014.10.06 16:03:07.399,0.85134,0.85159,1.00,1.15
2014.10.06 16:03:07.708,0.85136,0.8516,1.00,2.32
2014.10.06 16:03:08.040,0.85132,0.85157,1.00,3.07
2014.10.06 16:03:08.268,0.8513,0.85155,1.00,1.15
2014.10.06 16:03:08.781,0.85131,0.85157,1.00,2.32
2014.10.06 16:03:09.033,0.85128,0.85153,1.17,1.15
2014.10.06 16:03:10.155,0.8513,0.85155,1.17,1.87
2014.10.06 16:03:10.256,0.85127,0.85154,1.17,1.15
2014.10.06 16:03:11.455,0.85126,0.85151,1.00,1.15
2014.10.06 16:03:12.212,0.85124,0.85149,1.17,1.15
2014.10.06 16:03:12.836,0.85124,0.85149,1.00,1.15
2014.10.06 16:03:15.191,0.85122,0.85147,1.10,1.15
2014.10.06 16:03:16.208,0.85126,0.8515,1.00,1.45
2014.10.06 16:03:19.302,0.85126,0.85151,1.00,1.15
2014.10.06 16:03:19.352,0.8513,0.85151,1.00,1.17
2014.10.06 16:03:19.403,0.8513,0.85155,1.50,1.15
2014.10.06 16:03:19.504,0.85132,0.85157,1.00,1.15
2014.10.06 16:03:19.863,0.85135,0.85157,1.00,1.15
2014.10.06 16:03:20.832,0.85135,0.85153,1.00,1.00
2014.10.06 16:03:21.344,0.85135,0.85155,1.00,1.07
2014.10.06 16:03:21.398,0.8513,0.85155,1.57,1.07
2014.10.06 16:03:21.753,0.85135,0.85155,1.00,1.07
2014.10.06 16:03:22.619,0.85135,0.85155,1.00,1.15
2014.10.06 16:03:23.091,0.8513,0.85154,1.50,2.32
2014.10.06 16:03:23.484,0.8513,0.85152,1.50,2.32
2014.10.06 16:03:23.636,0.85128,0.85152,1.00,2.32
2014.10.06 16:03:23.686,0.8513,0.85152,1.00,2.32
2014.10.06 16:03:24.397,0.85125,0.85149,1.00,3.07
2014.10.06 16:03:24.498,0.85126,0.85151,1.00,1.15
2014.10.06 16:03:24.599,0.8513,0.8515,1.00,1.15
2014.10.06 16:03:24.902,0.8513,0.85153,1.00,1.87
2014.10.06 16:03:25.053,0.85128,0.85152,1.00,1.45
2014.10.06 16:03:25.809,0.85128,0.8515,1.00,1.45
2014.10.06 16:03:25.860,0.85126,0.8515,1.00,1.45
2014.10.06 16:03:26.412,0.85125,0.85149,1.00,1.15
2014.10.06 16:03:27.289,0.85126,0.85151,1.00,3.07
2014.10.06 16:03:27.829,0.85127,0.85151,1.00,2.32
2014.10.06 16:03:28.081,0.85125,0.85149,1.00,1.15
2014.10.06 16:03:28.651,0.85124,0.85149,1.50,1.15
2014.10.06 16:03:28.909,0.85124,0.85149,1.00,4.05
2014.10.06 16:03:28.960,0.8512,0.85143,1.10,1.10
2014.10.06 16:03:29.010,0.8512,0.85143,1.00,1.15
2014.10.06 16:03:29.212,0.85119,0.85146,2.55,1.15
2014.10.06 16:03:29.262,0.85124,0.85148,1.00,2.32
2014.10.06 16:03:29.313,0.85124,0.85149,1.00,1.15
2014.10.06 16:03:29.414,0.85122,0.85147,1.10,1.15
2014.10.06 16:03:29.477,0.85125,0.85147,1.00,1.15
2014.10.06 16:03:30.099,0.85124,0.85149,1.00,1.15
2014.10.06 16:03:30.401,0.85124,0.85148,1.00,2.32
2014.10.06 16:03:33.760,0.85124,0.85149,1.07,1.17
2014.10.06 16:03:34.333,0.85126,0.85151,1.72,1.15
2014.10.06 16:03:34.661,0.85128,0.85153,1.00,1.50
2014.10.06 16:03:34.761,0.85126,0.85151,1.00,1.15
2014.10.06 16:03:35.280,0.85124,0.85149,1.15,1.20
2014.10.06 16:03:38.313,0.85126,0.85151,1.00,1.15
2014.10.06 16:03:38.725,0.85128,0.85152,1.00,1.45
2014.10.06 16:03:42.358,0.85126,0.85151,1.00,1.87
2014.10.06 16:03:44.128,0.85128,0.85152,1.00,1.45
2014.10.06 16:03:44.229,0.85128,0.85153,1.17,1.15
2014.10.06 16:03:44.280,0.8513,0.85152,1.00,1.12
2014.10.06 16:03:44.431,0.85125,0.85152,1.50,1.15
2014.10.06 16:03:44.783,0.85128,0.85152,1.00,1.45
2014.10.06 16:03:44.884,0.85126,0.85151,1.00,1.15
2014.10.06 16:03:45.237,0.85124,0.85149,1.20,1.20
2014.10.06 16:03:45.896,0.85126,0.85151,1.00,1.15
2014.10.06 16:03:52.810,0.85124,0.85149,1.20,1.20
2014.10.06 16:03:56.693,0.85126,0.8515,1.00,1.45
2014.10.06 16:04:00.560,0.85126,0.85151,1.00,3.07
2014.10.06 16:04:00.862,0.85124,0.85149,1.00,1.15
2014.10.06 16:04:01.368,0.85123,0.85147,1.05,1.17
2014.10.06 16:04:01.831,0.85124,0.85149,1.07,1.15
2014.10.06 16:04:02.353,0.85125,0.8515,1.17,1.15
2014.10.06 16:04:02.656,0.85126,0.85151,1.15,1.10
2014.10.06 16:04:06.090,0.85126,0.8515,1.00,1.15
2014.10.06 16:04:06.378,0.85111,0.85136,1.17,1.87
2014.10.06 16:04:06.479,0.8511,0.85135,1.50,1.15
2014.10.06 16:04:06.882,0.85112,0.85137,1.00,3.07
2014.10.06 16:04:07.227,0.8511,0.85135,1.00,1.15
2014.10.06 16:04:07.480,0.85112,0.85137,1.10,1.15
2014.10.06 16:04:07.530,0.85115,0.85137,1.00,1.15
2014.10.06 16:04:07.631,0.85112,0.85137,1.10,1.15
2014.10.06 16:04:07.682,0.85112,0.85137,1.15,1.00
2014.10.06 16:04:07.984,0.85116,0.8514,1.00,1.45
2014.10.06 16:04:08.236,0.85118,0.85143,1.00,1.15
2014.10.06 16:04:08.885,0.85116,0.85141,1.15,1.20
2014.10.06 16:04:10.292,0.85118,0.85143,1.00,1.15
2014.10.06 16:04:10.841,0.85116,0.85141,1.15,1.20
2014.10.06 16:04:11.351,0.85118,0.85143,1.00,1.15
2014.10.06 16:04:11.933,0.8512,0.85143,1.00,1.15
2014.10.06 16:04:14.319,0.8512,0.85142,1.00,1.45
2014.10.06 16:04:14.420,0.85118,0.85143,1.00,1.15
2014.10.06 16:04:14.472,0.8512,0.85144,1.00,3.30
2014.10.06 16:04:14.523,0.8512,0.85144,1.00,1.45
2014.10.06 16:04:15.043,0.85122,0.85146,1.00,3.30
2014.10.06 16:04:15.144,0.8512,0.85144,1.50,1.45
2014.10.06 16:04:15.195,0.85125,0.85144,1.00,1.45
2014.10.06 16:04:15.346,0.8512,0.85143,1.00,1.15
2014.10.06 16:04:15.447,0.85125,0.85143,1.00,1.15
2014.10.06 16:04:15.548,0.8512,0.85143,1.00,1.15
2014.10.06 16:04:16.634,0.85119,0.85143,1.00,1.87
2014.10.06 16:04:17.395,0.85118,0.85141,1.10,1.12
2014.10.06 16:04:18.648,0.8512,0.85142,1.00,1.45
2014.10.06 16:04:23.559,0.85115,0.8514,1.65,1.10
2014.10.06 16:04:23.861,0.8512,0.85142,1.00,1.45
2014.10.06 16:04:23.912,0.8512,0.85142,1.00,1.30
2014.10.06 16:04:24.164,0.85125,0.85145,1.00,1.87
2014.10.06 16:04:24.215,0.85125,0.85145,1.00,1.15
2014.10.06 16:04:24.617,0.85124,0.85149,1.10,1.15
2014.10.06 16:04:24.854,0.85126,0.85151,1.00,1.15
2014.10.06 16:04:26.046,0.85126,0.85145,1.00,1.30
2014.10.06 16:04:26.861,0.85125,0.85145,1.00,1.30
2014.10.06 16:04:27.384,0.85124,0.85145,1.10,1.30
2014.10.06 16:04:27.693,0.85126,0.85145,1.00,1.30
2014.10.06 16:04:28.002,0.85132,0.85149,1.00,1.45
2014.10.06 16:04:28.052,0.85132,0.8515,1.00,1.12
2014.10.06 16:04:28.267,0.8513,0.8515,1.00,1.12
2014.10.06 16:04:28.368,0.85127,0.8515,1.10,1.12
2014.10.06 16:04:28.677,0.8513,0.8515,1.00,1.12
2014.10.06 16:04:28.778,0.85128,0.85148,1.00,1.30
2014.10.06 16:04:29.502,0.85128,0.85149,1.00,1.05
2014.10.06 16:04:30.784,0.85126,0.85148,1.17,1.30
2014.10.06 16:04:31.036,0.85124,0.85145,1.15,1.30
2014.10.06 16:04:31.136,0.8512,0.85145,1.65,1.72
2014.10.06 16:04:31.338,0.85123,0.85145,1.15,1.30
2014.10.06 16:04:31.844,0.85123,0.85146,1.15,1.30
2014.10.06 16:04:32.259,0.85122,0.85145,1.15,1.30
2014.10.06 16:04:33.995,0.85122,0.85146,1.15,1.05
2014.10.06 16:04:34.346,0.85122,0.85147,1.15,1.72
2014.10.06 16:04:35.080,0.85124,0.85148,1.15,1.30
2014.10.06 16:04:36.095,0.85124,0.85147,1.15,1.30
2014.10.06 16:04:36.486,0.85124,0.85147,1.00,1.12
2014.10.06 16:04:36.586,0.8512,0.85146,1.17,1.15
2014.10.06 16:04:38.365,0.85125,0.85147,1.00,1.17
2014.10.06 16:04:38.818,0.85122,0.85145,1.17,1.30
2014.10.06 16:04:42.656,0.85122,0.85147,1.17,1.87
2014.10.06 16:04:47.907,0.85125,0.85147,1.00,1.87
2014.10.06 16:04:54.086,0.85122,0.85146,1.17,1.05
2014.10.06 16:04:54.188,0.85125,0.85146,1.00,1.05
2014.10.06 16:04:54.728,0.85122,0.85145,1.17,1.30
2014.10.06 16:04:54.879,0.85125,0.85145,1.00,1.30
2014.10.06 16:04:54.980,0.85122,0.85145,1.17,1.30
2014.10.06 16:04:55.424,0.85121,0.85146,1.15,1.30
2014.10.06 16:04:55.525,0.8512,0.85143,1.15,1.00
2014.10.06 16:04:55.626,0.85121,0.85143,1.15,1.00
2014.10.06 16:04:55.929,0.85135,0.85143,1.00,1.00
2014.10.06 16:04:55.979,0.85135,0.85153,1.00,1.15
2014.10.06 16:04:56.130,0.85135,0.85154,1.00,1.05
2014.10.06 16:04:56.181,0.8513,0.85154,1.65,1.05
2014.10.06 16:04:56.382,0.85135,0.85153,1.00,1.30
2014.10.06 16:04:56.900,0.85135,0.85155,1.00,1.87
2014.10.06 16:04:57.399,0.8514,0.85155,1.00,1.87
2014.10.06 16:04:58.059,0.8514,0.85156,1.00,1.30
2014.10.06 16:04:58.601,0.85135,0.85156,1.00,1.30
2014.10.06 16:04:59.266,0.8514,0.85158,1.00,1.87
2014.10.06 16:04:59.658,0.8514,0.85156,1.00,1.30
2014.10.06 16:05:00.371,0.85134,0.85156,1.00,1.30
2014.10.06 16:05:00.625,0.85135,0.85153,1.00,1.30
2014.10.06 16:05:00.676,0.85132,0.85153,1.15,1.30
2014.10.06 16:05:01.157,0.8513,0.85152,1.57,1.30
2014.10.06 16:05:01.976,0.85135,0.85152,1.00,1.30
2014.10.06 16:05:03.321,0.85135,0.85153,1.00,1.72
2014.10.06 16:05:03.422,0.85136,0.85158,1.00,1.12
2014.10.06 16:05:05.160,0.85135,0.85154,1.17,1.30
2014.10.06 16:05:05.613,0.85135,0.85152,1.00,1.30
2014.10.06 16:05:05.714,0.85129,0.85151,1.15,1.30
2014.10.06 16:05:05.815,0.85129,0.85151,1.10,1.30
2014.10.06 16:05:06.632,0.8513,0.85153,1.00,1.12
2014.10.06 16:05:06.733,0.8513,0.85154,1.15,1.30
2014.10.06 16:05:06.834,0.8513,0.85153,1.50,1.12
2014.10.06 16:05:06.935,0.85134,0.85153,1.00,1.12
2014.10.06 16:05:07.036,0.85132,0.85153,1.00,1.12
2014.10.06 16:05:07.137,0.85134,0.85153,1.00,1.12
2014.10.06 16:05:07.339,0.85134,0.85155,1.00,1.30
2014.10.06 16:05:07.800,0.85136,0.8516,1.00,1.45
2014.10.06 16:05:07.951,0.85134,0.85159,1.00,1.15
2014.10.06 16:05:08.203,0.85134,0.85159,1.15,1.17
2014.10.06 16:05:08.814,0.85132,0.85157,1.15,1.00
2014.10.06 16:05:09.015,0.85132,0.85157,1.17,1.17
2014.10.06 16:05:10.218,0.85132,0.85157,1.15,1.00
2014.10.06 16:05:10.470,0.85134,0.85159,1.15,1.10
2014.10.06 16:05:10.631,0.85134,0.85159,1.10,1.15
2014.10.06 16:05:11.336,0.85134,0.85154,1.10,1.30
2014.10.06 16:05:11.538,0.85135,0.85156,1.00,1.05
2014.10.06 16:05:11.790,0.85132,0.85154,1.17,1.30
2014.10.06 16:05:12.296,0.8513,0.85155,1.15,1.00
2014.10.06 16:05:12.619,0.85136,0.85158,1.00,1.12
2014.10.06 16:05:12.770,0.85135,0.85159,1.65,1.05
2014.10.06 16:05:12.871,0.85135,0.85157,1.65,1.30
2014.10.06 16:05:13.011,0.85135,0.85159,1.65,1.05
2014.10.06 16:05:14.956,0.8514,0.8516,1.00,1.12
2014.10.06 16:05:15.258,0.8514,0.85161,1.00,1.30
2014.10.06 16:05:15.782,0.8514,0.8516,1.50,1.30
2014.10.06 16:05:15.933,0.8514,0.85162,1.50,1.05
2014.10.06 16:05:16.418,0.8514,0.8516,1.00,1.30
2014.10.06 16:05:16.620,0.8514,0.85162,1.50,1.05
2014.10.06 16:05:16.822,0.85145,0.85164,1.00,1.45
2014.10.06 16:05:16.923,0.8514,0.85159,1.00,1.30
2014.10.06 16:05:17.075,0.8514,0.85156,1.00,1.30
2014.10.06 16:05:17.176,0.85135,0.85155,1.07,1.30
2014.10.06 16:05:17.277,0.85135,0.85157,1.07,1.30
2014.10.06 16:05:17.580,0.8514,0.85158,1.00,1.30
2014.10.06 16:05:17.630,0.8514,0.8516,1.00,1.72
2014.10.06 16:05:17.933,0.8514,0.85162,1.00,1.05
2014.10.06 16:05:18.135,0.85145,0.85161,1.00,1.30
2014.10.06 16:05:18.236,0.8514,0.85161,1.00,1.30
2014.10.06 16:05:18.438,0.85136,0.85163,2.32,1.72
2014.10.06 16:05:18.538,0.85135,0.85163,1.65,1.45
2014.10.06 16:05:19.074,0.85137,0.8516,1.15,1.30
2014.10.06 16:05:19.779,0.85135,0.8516,1.57,1.37
2014.10.06 16:05:22.206,0.85135,0.85157,1.07,1.30
2014.10.06 16:05:22.508,0.8514,0.85155,1.00,1.05
2014.10.06 16:05:22.980,0.85131,0.85155,1.17,1.05
2014.10.06 16:05:24.402,0.85131,0.85153,1.17,1.30
2014.10.06 16:05:25.332,0.8513,0.85152,1.65,1.30
2014.10.06 16:05:25.383,0.8513,0.85152,1.57,1.05
2014.10.06 16:05:26.243,0.85128,0.85153,1.07,1.17
2014.10.06 16:05:26.794,0.85128,0.85152,1.00,1.45
2014.10.06 16:05:27.124,0.8513,0.85151,1.00,1.05
2014.10.06 16:05:27.426,0.85132,0.85151,1.00,1.05
2014.10.06 16:05:27.717,0.8513,0.85154,1.00,1.45
2014.10.06 16:05:27.817,0.85134,0.85157,1.00,3.30
2014.10.06 16:05:27.969,0.85136,0.85156,1.00,1.45
2014.10.06 16:05:28.070,0.85132,0.85156,1.00,1.45
2014.10.06 16:05:28.171,0.85134,0.85156,1.00,1.45
2014.10.06 16:05:28.272,0.85132,0.85156,1.00,1.45
2014.10.06 16:05:28.826,0.85132,0.85153,1.00,1.30
2014.10.06 16:05:28.927,0.8513,0.85151,1.65,1.30
2014.10.06 16:05:29.437,0.8513,0.8515,1.00,1.30
2014.10.06 16:05:30.583,0.8513,0.85149,1.00,1.30
2014.10.06 16:05:30.886,0.85128,0.85149,1.10,1.30
2014.10.06 16:05:31.239,0.8513,0.85154,1.00,2.32
2014.10.06 16:05:31.290,0.8513,0.85155,1.00,1.15
2014.10.06 16:05:31.340,0.85134,0.85152,1.00,1.12
2014.10.06 16:05:31.643,0.8513,0.85151,1.50,1.30
2014.10.06 16:05:32.213,0.8513,0.8515,1.50,1.30
2014.10.06 16:05:32.264,0.85132,0.8515,1.00,1.30
2014.10.06 16:05:32.365,0.8513,0.85151,1.00,1.37
2014.10.06 16:05:34.885,0.8513,0.8515,1.57,1.05
2014.10.06 16:05:35.187,0.85131,0.85152,1.17,1.30
2014.10.06 16:05:35.339,0.8513,0.85152,1.50,1.05
2014.10.06 16:05:36.143,0.85135,0.85152,1.00,1.05
2014.10.06 16:05:36.362,0.8513,0.85153,1.50,1.12
2014.10.06 16:05:36.413,0.8513,0.85149,1.50,1.30
2014.10.06 16:05:36.765,0.8513,0.8515,1.07,1.30
2014.10.06 16:05:38.506,0.85128,0.85153,1.20,1.87
2014.10.06 16:05:38.607,0.8513,0.8515,1.15,1.30
2014.10.06 16:05:38.928,0.85135,0.85149,1.00,1.30
2014.10.06 16:05:39.113,0.8513,0.85149,1.00,1.30
2014.10.06 16:05:39.365,0.85126,0.85149,1.10,1.05
2014.10.06 16:05:39.847,0.85125,0.85146,1.17,1.30
2014.10.06 16:05:40.359,0.85125,0.85145,1.00,1.30
2014.10.06 16:05:40.460,0.85122,0.85145,1.17,1.30
2014.10.06 16:05:40.712,0.85122,0.85144,1.00,1.12
2014.10.06 16:05:43.988,0.85122,0.85142,1.17,1.30
2014.10.06 16:05:44.140,0.8512,0.85145,1.65,1.72
2014.10.06 16:05:44.241,0.85122,0.85147,1.17,1.80
2014.10.06 16:05:44.342,0.85128,0.85148,1.00,1.37
2014.10.06 16:05:44.845,0.8513,0.85148,1.00,1.30
2014.10.06 16:05:44.946,0.85128,0.85148,1.00,1.30
2014.10.06 16:05:45.303,0.85126,0.85146,1.17,1.30
2014.10.06 16:05:45.655,0.85125,0.85145,1.10,1.30
2014.10.06 16:05:46.224,0.85125,0.85146,1.57,1.30
2014.10.06 16:05:46.375,0.85125,0.85151,1.65,1.37
2014.10.06 16:05:46.426,0.85128,0.85153,1.20,1.20
2014.10.06 16:05:46.476,0.85128,0.85153,1.17,1.10
2014.10.06 16:05:46.989,0.8513,0.85153,1.15,1.30
2014.10.06 16:05:47.412,0.85129,0.85151,1.15,1.30
2014.10.06 16:05:47.665,0.85128,0.8515,1.10,1.30
2014.10.06 16:05:47.765,0.85128,0.85147,1.10,1.30
2014.10.06 16:05:48.168,0.85126,0.85149,1.15,1.30
2014.10.06 16:05:49.470,0.8513,0.85149,1.00,1.30
2014.10.06 16:05:49.773,0.85128,0.85151,1.15,1.30
2014.10.06 16:05:50.006,0.85128,0.85151,1.10,1.12
2014.10.06 16:05:50.590,0.85126,0.8515,1.07,1.12
2014.10.06 16:05:50.641,0.85126,0.8515,1.00,1.45
2014.10.06 16:05:51.788,0.85126,0.8515,1.07,1.37
2014.10.06 16:05:52.342,0.85128,0.85149,1.15,1.30
2014.10.06 16:05:52.594,0.85128,0.85151,1.15,1.30
2014.10.06 16:05:53.882,0.85128,0.85153,1.15,1.87
2014.10.06 16:05:54.581,0.85128,0.85149,1.15,1.30
2014.10.06 16:05:54.682,0.85128,0.85152,1.15,1.05
2014.10.06 16:05:54.813,0.85128,0.8515,1.15,1.30
2014.10.06 16:05:55.249,0.85128,0.85148,1.15,1.30
2014.10.06 16:05:55.983,0.85128,0.85149,1.15,1.30
2014.10.06 16:05:57.298,0.8513,0.8515,1.10,1.30
2014.10.06 16:05:57.601,0.8513,0.85153,1.15,1.30
2014.10.06 16:05:57.903,0.8513,0.85149,1.17,1.30
2014.10.06 16:05:57.953,0.85129,0.85151,1.15,1.30
2014.10.06 16:05:58.164,0.85135,0.85151,1.00,1.30
2014.10.06 16:05:58.378,0.8513,0.8515,1.17,1.30
2014.10.06 16:05:58.630,0.8513,0.85148,1.57,1.30
2014.10.06 16:05:59.184,0.85127,0.85148,1.17,1.30
2014.10.06 16:05:59.285,0.8513,0.85148,1.00,1.30
2014.10.06 16:05:59.386,0.85128,0.8515,1.10,1.05
2014.10.06 16:06:00.266,0.85125,0.85149,1.65,1.30
2014.10.06 16:06:00.959,0.85128,0.8515,1.10,1.05
2014.10.06 16:06:01.272,0.8513,0.85152,1.00,1.45
2014.10.06 16:06:01.681,0.85128,0.85152,1.10,1.45
2014.10.06 16:06:01.732,0.8513,0.85152,1.00,1.45
2014.10.06 16:06:02.565,0.8513,0.85152,1.17,1.30
2014.10.06 16:06:03.279,0.8513,0.85154,1.17,1.12
2014.10.06 16:06:03.842,0.8513,0.85152,1.17,1.30
2014.10.06 16:06:04.533,0.8513,0.85152,1.65,1.30
2014.10.06 16:06:04.684,0.85134,0.85152,1.00,1.30
2014.10.06 16:06:05.238,0.85134,0.85153,1.00,1.30
2014.10.06 16:06:05.339,0.85134,0.85155,1.00,1.30
2014.10.06 16:06:05.591,0.8513,0.85155,1.65,1.87
2014.10.06 16:06:05.994,0.85135,0.85155,1.00,1.87
2014.10.06 16:06:08.296,0.8513,0.85155,1.65,1.87
2014.10.06 16:06:08.398,0.85135,0.85155,1.00,1.72
2014.10.06 16:06:08.499,0.8513,0.85154,1.65,1.30
2014.10.06 16:06:08.550,0.8513,0.85155,1.65,1.00
2014.10.06 16:06:08.852,0.85135,0.85157,1.17,1.30
2014.10.06 16:06:09.155,0.85135,0.85154,1.00,1.30
2014.10.06 16:06:09.256,0.85132,0.85154,1.15,1.30
2014.10.06 16:06:09.407,0.85135,0.85154,1.00,1.30
2014.10.06 16:06:09.612,0.85135,0.85157,1.00,1.72
2014.10.06 16:06:10.215,0.85136,0.85157,1.00,1.30
2014.10.06 16:06:10.272,0.85136,0.85154,1.00,1.30
2014.10.06 16:06:10.848,0.85134,0.85154,1.00,1.30
2014.10.06 16:06:12.251,0.85135,0.85154,1.00,1.30
2014.10.06 16:06:13.241,0.85135,0.85157,1.00,1.30
2014.10.06 16:06:13.512,0.85135,0.85155,1.00,1.00
2014.10.06 16:06:14.108,0.85134,0.85155,1.00,1.00
2014.10.06 16:06:14.410,0.85131,0.85155,2.32,1.72
2014.10.06 16:06:15.818,0.85134,0.85158,1.15,1.30
2014.10.06 16:06:16.133,0.85136,0.85156,1.17,1.30
2014.10.06 16:06:17.222,0.85136,0.85158,1.17,1.30
2014.10.06 16:06:18.489,0.85136,0.85158,1.15,1.30
2014.10.06 16:06:18.540,0.85136,0.85161,1.15,1.00
2014.10.06 16:06:18.750,0.8514,0.85162,1.57,1.30
2014.10.06 16:06:19.052,0.85145,0.85164,1.00,1.30
2014.10.06 16:06:19.304,0.8514,0.85164,1.65,1.30
2014.10.06 16:06:19.455,0.8514,0.85162,1.65,1.30
2014.10.06 16:06:20.001,0.8514,0.85163,1.15,1.30
2014.10.06 16:06:20.883,0.8514,0.8516,1.65,1.30
2014.10.06 16:06:20.985,0.8514,0.8516,1.10,1.30
2014.10.06 16:06:21.086,0.85138,0.8516,1.00,1.45
2014.10.06 16:06:21.388,0.85142,0.85161,1.10,1.30
2014.10.06 16:06:21.703,0.85145,0.85162,1.00,1.30
2014.10.06 16:06:21.904,0.85145,0.85164,1.00,1.30
2014.10.06 16:06:22.411,0.85145,0.85165,1.00,1.05
2014.10.06 16:06:22.750,0.85145,0.85163,1.00,1.30
2014.10.06 16:06:22.901,0.85142,0.85163,1.00,1.12
2014.10.06 16:06:22.952,0.85138,0.85163,1.15,1.87
2014.10.06 16:06:23.204,0.85138,0.85159,1.15,1.30
2014.10.06 16:06:23.405,0.85138,0.85158,1.00,1.30
2014.10.06 16:06:23.702,0.85136,0.85158,1.00,1.12
2014.10.06 16:06:24.903,0.85136,0.85158,1.10,1.05
2014.10.06 16:06:25.809,0.85136,0.85158,1.15,1.30
2014.10.06 16:06:25.859,0.85136,0.85161,1.15,1.10
2014.10.06 16:06:26.313,0.8514,0.85162,1.00,1.12
2014.10.06 16:06:27.441,0.85138,0.85162,1.10,1.12
2014.10.06 16:06:27.592,0.8514,0.85162,1.00,1.12
2014.10.06 16:06:28.124,0.85138,0.85161,1.10,1.05
2014.10.06 16:06:29.634,0.8514,0.85161,1.00,1.05
2014.10.06 16:06:29.986,0.85142,0.85161,1.10,1.30
2014.10.06 16:06:30.037,0.85142,0.85166,1.10,1.12
2014.10.06 16:06:30.188,0.85142,0.85166,1.07,1.05
2014.10.06 16:06:30.591,0.85146,0.85166,1.00,1.30
2014.10.06 16:06:30.692,0.85144,0.85166,1.20,1.30
2014.10.06 16:06:32.326,0.8514,0.8516,1.15,1.00
2014.10.06 16:06:32.427,0.8514,0.85161,1.00,1.17
2014.10.06 16:06:32.932,0.8514,0.8516,1.00,1.30
2014.10.06 16:06:33.465,0.8514,0.8516,1.00,1.12
2014.10.06 16:06:35.462,0.85145,0.85161,1.00,1.87
2014.10.06 16:06:35.613,0.85145,0.85161,1.00,1.10
2014.10.06 16:06:37.116,0.85138,0.85163,1.17,1.87
2014.10.06 16:06:39.901,0.85138,0.85157,1.17,1.30
2014.10.06 16:06:40.053,0.85136,0.85155,1.10,1.30
2014.10.06 16:06:40.359,0.8513,0.85152,1.15,1.30
2014.10.06 16:06:40.460,0.85129,0.85151,1.07,1.30
2014.10.06 16:06:40.712,0.85128,0.85151,1.00,1.12
2014.10.06 16:06:41.216,0.85126,0.8515,1.17,1.80
2014.10.06 16:06:41.266,0.85124,0.85146,1.15,1.30
2014.10.06 16:06:41.367,0.85124,0.85148,1.15,1.30
2014.10.06 16:06:41.468,0.85124,0.85146,1.15,1.30
2014.10.06 16:06:44.423,0.85124,0.85148,1.15,1.30
2014.10.06 16:06:44.524,0.85126,0.85151,1.17,1.87
2014.10.06 16:06:45.027,0.85128,0.85149,1.00,1.30
2014.10.06 16:06:45.228,0.85128,0.85147,1.00,1.30
2014.10.06 16:06:45.480,0.85125,0.85146,1.00,1.30
2014.10.06 16:06:45.883,0.85123,0.85144,1.17,1.30
2014.10.06 16:06:46.387,0.85123,0.85145,1.17,1.72
2014.10.06 16:06:46.840,0.85123,0.85141,1.17,1.30
2014.10.06 16:06:46.941,0.85123,0.85144,1.07,1.05
2014.10.06 16:06:47.193,0.85124,0.85141,1.00,1.30
2014.10.06 16:06:47.294,0.85124,0.85144,1.00,1.12
2014.10.06 16:06:47.844,0.85126,0.85148,1.00,1.12
2014.10.06 16:06:47.894,0.85126,0.85148,1.15,1.30
2014.10.06 16:06:47.945,0.8513,0.85153,1.10,1.05
2014.10.06 16:06:48.046,0.85133,0.85153,1.10,1.05
2014.10.06 16:06:48.549,0.85134,0.85153,1.10,1.30
2014.10.06 16:06:49.064,0.85134,0.85154,1.10,1.30
2014.10.06 16:06:52.235,0.85136,0.85158,1.00,1.12
2014.10.06 16:06:52.487,0.85138,0.85159,1.00,1.45
2014.10.06 16:06:52.689,0.85136,0.85157,1.00,1.05
2014.10.06 16:06:54.231,0.85136,0.85154,1.00,1.30
2014.10.06 16:06:54.281,0.85134,0.85154,1.10,1.30
2014.10.06 16:06:54.332,0.85134,0.85156,1.10,1.30
2014.10.06 16:06:54.874,0.85134,0.85155,1.10,1.30
2014.10.06 16:06:55.226,0.85134,0.85152,1.00,1.30
2014.10.06 16:06:55.327,0.85131,0.85152,1.00,1.30
2014.10.06 16:06:55.428,0.85134,0.85155,1.00,1.37
2014.10.06 16:06:55.784,0.85136,0.85155,1.00,1.72
2014.10.06 16:06:56.401,0.85136,0.85158,1.10,1.30
2014.10.06 16:06:56.847,0.85138,0.85158,1.00,1.30
2014.10.06 16:06:57.521,0.8514,0.85158,1.00,1.30
2014.10.06 16:06:58.412,0.85138,0.85158,1.00,1.30
2014.10.06 16:06:59.516,0.85138,0.85159,1.00,1.05
2014.10.06 16:06:59.818,0.85136,0.85158,1.10,1.30
2014.10.06 16:07:01.126,0.85136,0.85158,1.07,1.30
2014.10.06 16:07:01.560,0.85136,0.85158,1.15,1.30
2014.10.06 16:07:01.612,0.85139,0.85161,1.15,1.00
2014.10.06 16:07:01.713,0.85141,0.85163,1.10,1.30
2014.10.06 16:07:01.764,0.85145,0.85163,1.00,1.30
2014.10.06 16:07:01.815,0.85145,0.85165,1.00,1.30
2014.10.06 16:07:02.381,0.85144,0.85165,1.10,1.30
2014.10.06 16:07:04.324,0.85142,0.85167,1.87,1.10
2014.10.06 16:07:04.374,0.85146,0.85171,1.07,1.15
2014.10.06 16:07:04.576,0.85149,0.85174,1.15,1.80
2014.10.06 16:07:04.677,0.85149,0.85171,1.15,1.30
2014.10.06 16:07:04.979,0.85144,0.85166,1.15,1.30
2014.10.06 16:07:05.282,0.85144,0.8516,1.00,1.30
2014.10.06 16:07:05.433,0.8514,0.85161,1.17,1.30
2014.10.06 16:07:05.961,0.85142,0.85161,1.00,1.30
2014.10.06 16:07:06.777,0.8514,0.85161,1.17,1.30
2014.10.06 16:07:07.079,0.85144,0.85162,1.00,1.30
2014.10.06 16:07:07.180,0.85144,0.85165,1.00,1.87
2014.10.06 16:07:07.231,0.85142,0.85165,1.00,1.87
2014.10.06 16:07:07.382,0.85142,0.85163,1.07,1.30
2014.10.06 16:07:07.972,0.85142,0.85164,1.15,1.30
2014.10.06 16:07:08.518,0.85144,0.85165,1.10,1.30
2014.10.06 16:07:09.160,0.85144,0.85164,1.10,1.30
2014.10.06 16:07:09.271,0.85144,0.85166,1.10,1.30
2014.10.06 16:07:09.930,0.85144,0.85165,1.10,1.72
2014.10.06 16:07:10.454,0.85144,0.85164,1.10,1.30
2014.10.06 16:07:12.175,0.8514,0.8516,1.15,1.30
2014.10.06 16:07:12.226,0.8514,0.8516,1.17,1.30
2014.10.06 16:07:12.276,0.85138,0.85158,1.15,1.30
2014.10.06 16:07:12.327,0.85138,0.85158,1.00,1.30
2014.10.06 16:07:12.378,0.85136,0.85158,1.10,1.30
2014.10.06 16:07:12.478,0.85136,0.85156,1.10,1.30
2014.10.06 16:07:12.579,0.85132,0.85156,1.17,1.05
2014.10.06 16:07:13.184,0.85134,0.85156,1.00,1.05
2014.10.06 16:07:14.144,0.85138,0.85156,1.00,1.30
2014.10.06 16:07:14.770,0.85138,0.85155,1.00,1.30
2014.10.06 16:07:15.129,0.85133,0.85155,1.17,1.30
2014.10.06 16:07:15.664,0.85133,0.85153,1.17,1.30
2014.10.06 16:07:16.207,0.85131,0.85152,1.15,1.30
2014.10.06 16:07:16.559,0.85131,0.8515,1.00,1.30
2014.10.06 16:07:16.660,0.8513,0.85148,1.10,1.30
2014.10.06 16:07:16.761,0.8513,0.85152,1.10,1.30
2014.10.06 16:07:16.913,0.85132,0.85152,1.00,1.30
2014.10.06 16:07:17.237,0.85134,0.85151,1.00,1.30
2014.10.06 16:07:17.854,0.8513,0.85152,1.10,1.30
2014.10.06 16:07:18.005,0.85132,0.85152,1.00,1.30
2014.10.06 16:07:20.284,0.85134,0.85152,1.00,1.30
2014.10.06 16:07:20.536,0.85132,0.85152,1.00,1.30
2014.10.06 16:07:21.371,0.85132,0.85152,1.17,1.30
2014.10.06 16:07:24.371,0.85134,0.85152,1.00,1.30
2014.10.06 16:07:25.681,0.85134,0.8515,1.00,1.30
2014.10.06 16:07:25.782,0.8513,0.8515,1.00,1.30
2014.10.06 16:07:25.883,0.8513,0.85152,1.00,1.30
2014.10.06 16:07:25.934,0.85132,0.85152,1.00,1.30
2014.10.06 16:07:26.446,0.85132,0.85152,1.17,1.30
2014.10.06 16:07:27.116,0.85132,0.85154,1.17,1.30
2014.10.06 16:07:27.677,0.85134,0.85157,1.07,1.37
2014.10.06 16:07:28.231,0.85134,0.85157,1.17,1.30
2014.10.06 16:07:29.091,0.85134,0.85154,1.17,1.30
2014.10.06 16:07:30.062,0.85134,0.85158,1.17,1.05
2014.10.06 16:07:30.144,0.85134,0.85158,1.17,1.30
2014.10.06 16:07:30.447,0.85138,0.85159,1.15,1.30
2014.10.06 16:07:30.951,0.8514,0.8516,1.17,1.30
2014.10.06 16:07:31.459,0.8514,0.85159,1.17,1.30
2014.10.06 16:07:32.942,0.8514,0.8516,1.17,1.30
2014.10.06 16:07:35.144,0.8514,0.85159,1.17,1.30
2014.10.06 16:07:35.650,0.85142,0.8516,1.00,1.30
2014.10.06 16:07:36.224,0.85142,0.85159,1.00,1.30
2014.10.06 16:07:38.667,0.8514,0.85159,1.17,1.30
2014.10.06 16:07:39.121,0.85144,0.8516,1.00,1.30
2014.10.06 16:07:39.776,0.85142,0.8516,1.00,1.30
2014.10.06 16:07:40.760,0.8514,0.8516,1.17,1.30
2014.10.06 16:07:41.313,0.8514,0.85159,1.00,1.30
2014.10.06 16:07:46.599,0.8514,0.85158,1.00,1.30
2014.10.06 16:07:46.700,0.8514,0.85156,1.00,1.30
2014.10.06 16:07:46.801,0.85137,0.85154,1.00,1.30
2014.10.06 16:07:46.901,0.85134,0.85154,1.00,1.05
2014.10.06 16:07:47.002,0.85134,0.85152,1.00,1.30
2014.10.06 16:07:47.154,0.85132,0.85152,1.10,1.30
2014.10.06 16:07:50.654,0.85134,0.85152,1.00,1.30
2014.10.06 16:07:50.972,0.85136,0.85152,1.00,1.30
2014.10.06 16:07:51.733,0.85134,0.85152,1.00,1.30
2014.10.06 16:07:53.450,0.85134,0.8515,1.00,1.00
2014.10.06 16:07:53.651,0.85132,0.8515,1.10,1.00
2014.10.06 16:07:54.196,0.85132,0.85151,1.10,1.30
2014.10.06 16:07:55.536,0.85132,0.85152,1.10,1.30
2014.10.06 16:07:55.589,0.85133,0.85154,1.00,1.05
2014.10.06 16:07:55.690,0.85133,0.85152,1.00,1.30
2014.10.06 16:07:56.223,0.85132,0.85152,1.10,1.30
2014.10.06 16:07:58.239,0.85132,0.85155,1.10,1.17
2014.10.06 16:07:58.340,0.85134,0.85155,1.00,1.87
2014.10.06 16:07:58.844,0.85134,0.85154,1.17,1.30
2014.10.06 16:08:00.572,0.85136,0.85154,1.00,1.30
2014.10.06 16:08:01.113,0.85134,0.85154,1.17,1.30
2014.10.06 16:08:01.214,0.85134,0.85157,1.17,1.30
2014.10.06 16:08:01.727,0.85136,0.85156,1.00,1.30
2014.10.06 16:08:02.180,0.85134,0.85154,1.07,1.30
2014.10.06 16:08:02.313,0.85133,0.85155,1.00,1.12
2014.10.06 16:08:02.824,0.85132,0.85153,1.00,1.30
2014.10.06 16:08:02.874,0.85134,0.85153,1.00,1.30
2014.10.06 16:08:02.975,0.85132,0.85153,1.00,1.30
2014.10.06 16:08:03.076,0.85134,0.85153,1.00,1.30
2014.10.06 16:08:03.620,0.85132,0.85154,1.00,1.05
2014.10.06 16:08:04.167,0.85132,0.85153,1.00,1.30
2014.10.06 16:08:06.249,0.85132,0.85152,1.00,1.30
2014.10.06 16:08:06.350,0.8513,0.85152,1.00,1.12
2014.10.06 16:08:06.955,0.8513,0.85149,1.00,1.30
2014.10.06 16:08:07.056,0.85126,0.85149,1.15,1.30
2014.10.06 16:08:07.257,0.85128,0.85146,1.10,1.30
2014.10.06 16:08:07.459,0.85128,0.85149,1.00,1.12
2014.10.06 16:08:07.510,0.85122,0.85147,1.15,1.00
2014.10.06 16:08:07.844,0.85122,0.85145,1.15,1.30
2014.10.06 16:08:15.489,0.85122,0.85146,1.15,1.30
2014.10.06 16:08:16.066,0.85124,0.85145,1.15,1.30
2014.10.06 16:08:17.591,0.85124,0.85144,1.15,1.30
2014.10.06 16:08:22.684,0.85122,0.85143,1.15,1.30
2014.10.06 16:08:22.785,0.85122,0.85143,1.10,1.30
2014.10.06 16:08:27.630,0.85122,0.85141,1.10,1.30
2014.10.06 16:08:28.169,0.85122,0.85142,1.10,1.30
2014.10.06 16:08:28.471,0.85124,0.85142,1.20,1.30
2014.10.06 16:08:30.100,0.85122,0.85142,1.10,1.30
2014.10.06 16:08:31.232,0.85122,0.85144,1.10,1.30
2014.10.06 16:08:31.484,0.85124,0.85144,1.15,1.30
2014.10.06 16:08:32.543,0.85124,0.85142,1.15,1.30
2014.10.06 16:08:32.649,0.85124,0.85144,1.15,1.30
2014.10.06 16:08:39.283,0.85124,0.85147,3.07,1.30
2014.10.06 16:08:39.829,0.85126,0.85146,1.15,1.30
2014.10.06 16:08:49.608,0.85124,0.85146,1.15,1.30
2014.10.06 16:08:49.659,0.85124,0.85146,1.15,1.30
2014.10.06 16:08:50.926,0.85126,0.85147,1.10,1.30
2014.10.06 16:08:51.446,0.85126,0.85146,1.10,1.30
2014.10.06 16:08:55.974,0.85124,0.85145,1.00,1.30
2014.10.06 16:08:56.332,0.85122,0.85144,1.20,1.30
2014.10.06 16:08:56.433,0.85124,0.85144,1.00,1.30
2014.10.06 16:08:56.736,0.85128,0.85144,1.00,1.30
2014.10.06 16:08:56.786,0.85125,0.85142,1.10,1.30
2014.10.06 16:08:56.887,0.85122,0.85139,1.15,1.30
2014.10.06 16:08:57.039,0.85122,0.85138,1.10,1.30
2014.10.06 16:08:57.190,0.85122,0.85136,1.10,1.30
2014.10.06 16:08:57.623,0.85116,0.85138,1.15,1.30
2014.10.06 16:08:57.874,0.85118,0.85136,1.10,1.30
2014.10.06 16:09:00.065,0.85118,0.8514,1.10,1.30
2014.10.06 16:09:00.166,0.85124,0.85143,1.00,1.45
2014.10.06 16:09:00.217,0.85124,0.85143,1.00,1.30
2014.10.06 16:09:00.318,0.85122,0.85143,1.00,1.30
2014.10.06 16:09:00.821,0.85122,0.85142,1.00,1.30
2014.10.06 16:09:00.922,0.85122,0.85144,1.00,1.05
2014.10.06 16:09:05.648,0.85122,0.85142,1.00,1.30
2014.10.06 16:09:06.668,0.85123,0.85142,2.10,1.30
2014.10.06 16:09:06.769,0.85125,0.85149,2.25,1.05
2014.10.06 16:09:06.920,0.85127,0.85149,1.07,1.05
2014.10.06 16:09:07.223,0.85122,0.85143,1.00,1.30
2014.10.06 16:09:08.526,0.85117,0.85142,1.15,1.00
2014.10.06 16:09:08.886,0.85115,0.8514,3.07,1.00
2014.10.06 16:09:09.421,0.85115,0.85138,2.32,1.00
2014.10.06 16:09:09.623,0.85115,0.8514,3.07,1.72
2014.10.06 16:09:19.428,0.85115,0.85138,2.32,1.72
2014.10.06 16:09:19.479,0.85113,0.85138,1.15,1.72
2014.10.06 16:09:19.529,0.85112,0.85136,2.32,1.72
2014.10.06 16:09:21.269,0.85111,0.85136,1.15,1.72
2014.10.06 16:09:22.283,0.85111,0.85133,1.15,1.30
2014.10.06 16:09:22.824,0.8511,0.85132,2.32,1.00
2014.10.06 16:09:23.327,0.8511,0.85133,3.07,1.30
2014.10.06 16:09:24.061,0.8511,0.85132,2.32,1.00
2014.10.06 16:09:27.478,0.85107,0.85132,1.15,1.72
2014.10.06 16:09:28.872,0.85109,0.85134,1.15,1.00
2014.10.06 16:09:31.442,0.85111,0.85135,1.15,1.30
2014.10.06 16:09:31.952,0.8511,0.85134,1.15,1.00
2014.10.06 16:09:33.977,0.85111,0.85136,1.15,1.72
2014.10.06 16:09:37.012,0.85111,0.85135,1.15,1.30
2014.10.06 16:09:37.515,0.85111,0.85136,1.15,1.00
2014.10.06 16:09:38.129,0.85111,0.85135,1.15,1.30
2014.10.06 16:09:38.633,0.85109,0.85134,1.15,1.00
2014.10.06 16:09:38.784,0.85107,0.85132,1.15,1.00
2014.10.06 16:09:40.223,0.85107,0.8513,1.15,1.30
2014.10.06 16:09:40.526,0.85105,0.85129,1.15,1.30
2014.10.06 16:09:40.784,0.85105,0.85128,1.15,1.30
2014.10.06 16:09:42.073,0.8511,0.85128,1.00,1.30
2014.10.06 16:09:42.425,0.85112,0.85132,1.00,1.05
2014.10.06 16:09:42.526,0.8511,0.85131,1.00,1.30
2014.10.06 16:09:42.848,0.8511,0.85129,1.00,1.30
2014.10.06 16:09:43.421,0.85107,0.85132,1.00,1.15
2014.10.06 16:09:44.588,0.85108,0.85132,1.12,1.10
2014.10.06 16:09:44.639,0.85112,0.85137,1.00,1.15
2014.10.06 16:09:44.941,0.85114,0.85138,1.00,3.30
2014.10.06 16:09:48.225,0.85114,0.85138,1.00,1.45
2014.10.06 16:09:50.204,0.85114,0.85139,1.15,1.80
2014.10.06 16:09:50.360,0.85118,0.85139,1.00,1.05
2014.10.06 16:09:50.775,0.8512,0.85143,1.00,1.45
2014.10.06 16:09:51.027,0.85116,0.85141,1.10,1.15
2014.10.06 16:09:51.128,0.85111,0.85138,1.15,1.15
2014.10.06 16:09:51.632,0.85111,0.85135,1.15,1.00
2014.10.06 16:09:52.085,0.85115,0.85135,1.00,1.00
2014.10.06 16:09:52.895,0.85114,0.85135,1.00,1.00
2014.10.06 16:09:53.835,0.85114,0.85139,1.00,1.15
2014.10.06 16:09:54.445,0.85114,0.85135,1.00,1.00
2014.10.06 16:09:55.105,0.85115,0.85135,1.00,1.00
2014.10.06 16:09:55.612,0.85114,0.85135,1.00,1.00
2014.10.06 16:09:57.491,0.85116,0.85135,1.00,1.00
2014.10.06 16:09:57.809,0.85114,0.85135,1.00,1.00
2014.10.06 16:09:59.009,0.85114,0.85133,1.00,1.05
2014.10.06 16:09:59.059,0.85107,0.85132,1.15,1.00
2014.10.06 16:09:59.211,0.85109,0.85133,1.00,1.45
2014.10.06 16:09:59.312,0.85109,0.85134,1.20,1.20
2014.10.06 16:09:59.690,0.85111,0.85135,1.00,1.15
2014.10.06 16:10:00.043,0.85111,0.85135,1.15,1.00
2014.10.06 16:10:00.952,0.85112,0.85135,1.15,1.00
2014.10.06 16:10:01.254,0.85109,0.85133,1.00,1.45
2014.10.06 16:10:01.556,0.85109,0.85134,1.15,1.00
2014.10.06 16:10:01.758,0.85109,0.85134,3.07,1.00
2014.10.06 16:10:02.185,0.85109,0.85134,1.15,1.00
2014.10.06 16:10:02.688,0.85109,0.85133,1.15,1.30
2014.10.06 16:10:02.991,0.85109,0.85134,1.10,1.15
2014.10.06 16:10:03.041,0.85112,0.85136,1.00,1.87
2014.10.06 16:10:03.093,0.85112,0.85136,1.17,1.80
2014.10.06 16:10:03.143,0.8511,0.85133,1.15,1.30
2014.10.06 16:10:03.195,0.8511,0.85133,1.10,1.05
2014.10.06 16:10:03.348,0.85108,0.8513,1.15,1.30
2014.10.06 16:10:03.613,0.85108,0.8513,1.00,1.87
2014.10.06 16:10:04.134,0.85106,0.85129,1.17,1.05
2014.10.06 16:10:04.285,0.85106,0.8513,1.15,1.00
2014.10.06 16:10:04.588,0.85108,0.85133,1.17,1.87
2014.10.06 16:10:05.096,0.8511,0.85134,1.00,1.45
2014.10.06 16:10:06.665,0.8511,0.8513,1.00,1.30
2014.10.06 16:10:06.865,0.8511,0.85134,1.00,1.45
2014.10.06 16:10:07.425,0.8511,0.85134,1.00,3.22
2014.10.06 16:10:07.475,0.8511,0.85134,1.00,3.22
2014.10.06 16:10:07.576,0.85108,0.8513,1.00,1.17
2014.10.06 16:10:07.966,0.85104,0.85125,1.15,1.00
2014.10.06 16:10:08.117,0.85104,0.85125,1.00,1.00
2014.10.06 16:10:08.419,0.85102,0.8512,1.00,1.00
2014.10.06 16:10:09.116,0.851,0.8512,1.00,1.00
2014.10.06 16:10:09.318,0.85103,0.8512,1.00,1.00
2014.10.06 16:10:09.982,0.851,0.85125,1.15,1.50
2014.10.06 16:10:10.183,0.851,0.85125,4.05,1.50
2014.10.06 16:10:14.046,0.85106,0.8513,1.10,1.15
2014.10.06 16:10:14.097,0.85106,0.8513,1.15,1.00
2014.10.06 16:10:14.605,0.85106,0.85131,1.15,1.50
2014.10.06 16:10:15.244,0.85106,0.8513,1.15,1.00
2014.10.06 16:10:17.274,0.8511,0.8513,1.30,1.00
2014.10.06 16:10:20.877,0.85109,0.8513,1.05,1.00
2014.10.06 16:10:21.543,0.8511,0.8513,1.30,1.00
2014.10.06 16:10:22.925,0.8511,0.85131,1.30,1.50
2014.10.06 16:10:23.375,0.8511,0.85125,1.30,1.00
2014.10.06 16:10:24.178,0.85109,0.85125,1.30,1.00
2014.10.06 16:10:24.600,0.8511,0.8513,1.30,1.17
2014.10.06 16:10:26.685,0.8511,0.85127,1.30,1.00
2014.10.06 16:10:26.735,0.85106,0.85127,1.12,1.00
2014.10.06 16:10:26.887,0.85106,0.85125,1.12,1.00
2014.10.06 16:10:26.938,0.85104,0.85125,1.05,1.00
2014.10.06 16:10:27.139,0.85102,0.85124,1.30,1.10
2014.10.06 16:10:27.666,0.85102,0.85123,1.30,1.00
2014.10.06 16:10:30.774,0.851,0.85123,1.12,1.00
2014.10.06 16:10:30.875,0.851,0.85119,1.12,1.00
2014.10.06 16:10:31.127,0.85102,0.85122,1.30,1.00
2014.10.06 16:10:32.292,0.85102,0.85118,1.30,1.00
2014.10.06 16:10:32.613,0.85104,0.8512,1.05,1.50
2014.10.06 16:10:32.966,0.85103,0.85123,1.12,1.00
2014.10.06 16:10:33.858,0.85102,0.8512,1.45,1.00
2014.10.06 16:10:35.826,0.85105,0.8512,1.00,1.00
2014.10.06 16:10:35.927,0.85104,0.85125,1.05,1.00
2014.10.06 16:10:36.344,0.85105,0.8512,1.30,1.00
2014.10.06 16:10:37.341,0.85105,0.85125,1.30,1.00
2014.10.06 16:10:37.952,0.85106,0.85125,1.72,1.00
2014.10.06 16:10:43.165,0.85106,0.8512,1.72,1.00
2014.10.06 16:10:44.375,0.85106,0.85125,1.72,1.00
2014.10.06 16:10:45.047,0.85106,0.85131,1.00,1.15
2014.10.06 16:10:45.204,0.85108,0.85132,1.30,3.07
2014.10.06 16:10:50.024,0.85107,0.85132,1.72,3.07
2014.10.06 16:10:50.298,0.85107,0.85132,1.80,1.15
2014.10.06 16:10:50.926,0.85108,0.85133,1.00,1.15
2014.10.06 16:10:52.289,0.85108,0.85133,1.72,3.07
2014.10.06 16:10:59.066,0.85107,0.85129,1.30,1.15
2014.10.06 16:11:02.679,0.85106,0.85129,1.30,1.15
2014.10.06 16:11:05.783,0.85105,0.85129,1.30,1.15
2014.10.06 16:11:06.086,0.85102,0.85125,1.07,1.10
2014.10.06 16:11:06.137,0.85102,0.85125,1.00,1.20
2014.10.06 16:11:06.187,0.85101,0.85121,1.30,1.00
2014.10.06 16:11:06.289,0.85101,0.85127,1.30,1.15
2014.10.06 16:11:06.815,0.85102,0.85127,1.30,1.15
2014.10.06 16:11:06.865,0.85102,0.85121,1.30,1.00
2014.10.06 16:11:07.172,0.85102,0.85127,1.00,1.15
2014.10.06 16:11:21.461,0.85101,0.85123,1.30,1.00
2014.10.06 16:11:22.337,0.85101,0.85123,1.30,1.07
2014.10.06 16:11:22.388,0.85098,0.85122,1.30,1.15
2014.10.06 16:11:22.540,0.85099,0.8512,1.30,1.17
2014.10.06 16:11:23.104,0.85098,0.85117,1.30,1.00
2014.10.06 16:11:23.770,0.85098,0.85121,1.30,1.17
2014.10.06 16:11:28.974,0.85098,0.85117,1.30,1.00
2014.10.06 16:11:31.154,0.85098,0.85121,1.30,1.17
2014.10.06 16:11:33.493,0.85098,0.85119,1.30,1.00
2014.10.06 16:11:33.695,0.851,0.85125,1.00,1.65
2014.10.06 16:11:34.584,0.85099,0.85121,1.30,1.17
2014.10.06 16:11:34.886,0.85103,0.85128,1.00,1.15
2014.10.06 16:11:37.299,0.851,0.85125,1.80,1.65
2014.10.06 16:11:38.503,0.851,0.85125,1.00,1.65
2014.10.06 16:11:40.630,0.85099,0.85123,1.30,1.15
2014.10.06 16:11:41.135,0.851,0.85125,1.00,1.65
2014.10.06 16:11:49.445,0.85101,0.85126,1.00,2.32
2014.10.06 16:11:50.078,0.851,0.85125,1.00,1.15
2014.10.06 16:11:50.179,0.85097,0.85122,1.10,1.15
2014.10.06 16:11:50.230,0.85097,0.85122,1.00,1.15
2014.10.06 16:11:50.281,0.85095,0.85122,1.00,1.15
2014.10.06 16:11:50.795,0.85096,0.85121,1.00,1.15
2014.10.06 16:11:53.073,0.85093,0.85118,1.17,1.17
2014.10.06 16:11:56.506,0.85095,0.85118,1.00,1.17
2014.10.06 16:11:56.909,0.85095,0.8512,1.15,1.57
2014.10.06 16:12:05.684,0.85093,0.85118,1.87,1.00
2014.10.06 16:12:06.036,0.85096,0.85121,1.17,1.17
2014.10.06 16:12:17.189,0.85096,0.8512,1.10,1.17
2014.10.06 16:12:20.022,0.85097,0.8512,1.30,1.65
2014.10.06 16:12:20.073,0.85097,0.8512,1.45,1.50
2014.10.06 16:12:20.376,0.85096,0.8512,1.00,1.15
2014.10.06 16:12:20.477,0.85098,0.85118,1.30,1.00
2014.10.06 16:12:20.578,0.85096,0.8512,1.72,1.15
2014.10.06 16:12:20.880,0.85094,0.8512,1.12,1.65
2014.10.06 16:12:21.089,0.85095,0.8512,1.45,1.50
2014.10.06 16:12:21.602,0.851,0.85123,1.30,1.17
2014.10.06 16:12:22.138,0.85099,0.85123,1.05,1.17
2014.10.06 16:12:22.748,0.851,0.85123,1.30,1.17
2014.10.06 16:12:23.460,0.85099,0.85123,1.05,1.17
2014.10.06 16:12:23.985,0.851,0.85123,1.30,1.17
2014.10.06 16:12:27.246,0.851,0.85123,1.45,1.00
2014.10.06 16:12:27.776,0.85101,0.85125,1.12,1.17
2014.10.06 16:12:28.284,0.85103,0.85125,1.30,1.17
2014.10.06 16:12:29.172,0.85104,0.85125,1.30,1.65
2014.10.06 16:12:29.811,0.85105,0.85125,1.30,1.50
2014.10.06 16:12:30.132,0.85102,0.85125,1.45,1.50
2014.10.06 16:12:32.235,0.85103,0.85128,1.12,1.20
2014.10.06 16:12:32.437,0.85105,0.85128,1.45,1.00
2014.10.06 16:12:32.982,0.85105,0.85129,1.45,1.00
2014.10.06 16:12:33.644,0.85108,0.85129,1.30,1.00
2014.10.06 16:12:37.383,0.85108,0.85127,1.30,1.00
2014.10.06 16:12:38.415,0.85108,0.85129,1.30,1.00
2014.10.06 16:12:38.516,0.85108,0.85127,1.30,1.00
2014.10.06 16:12:38.951,0.85108,0.8513,1.30,1.10
2014.10.06 16:12:42.934,0.85108,0.8513,1.30,3.07
2014.10.06 16:12:43.035,0.85101,0.85121,1.30,1.00
2014.10.06 16:12:43.248,0.85099,0.85121,1.30,1.07
2014.10.06 16:12:43.450,0.85098,0.85118,1.30,1.00
2014.10.06 16:12:46.651,0.85099,0.85118,1.30,1.00
2014.10.06 16:12:47.191,0.85098,0.85117,1.30,1.00
2014.10.06 16:12:50.702,0.85096,0.85117,1.30,1.00
2014.10.06 16:12:51.133,0.85099,0.85117,1.30,1.00
2014.10.06 16:12:51.284,0.85099,0.85119,1.30,1.00
2014.10.06 16:12:51.806,0.85099,0.8512,1.30,1.10
2014.10.06 16:12:55.972,0.85097,0.8512,1.12,1.10
2014.10.06 16:12:56.123,0.85096,0.85117,1.45,1.00
2014.10.06 16:12:56.472,0.85096,0.85117,1.30,1.10
2014.10.06 16:12:56.523,0.85096,0.85115,1.30,1.00
2014.10.06 16:12:56.674,0.85096,0.85117,1.30,1.10
2014.10.06 16:12:56.775,0.85096,0.85115,1.30,1.00
2014.10.06 16:12:58.611,0.85097,0.85115,1.30,1.00
2014.10.06 16:12:58.863,0.85097,0.85117,1.30,1.10
2014.10.06 16:12:59.065,0.85096,0.85115,1.30,1.00
2014.10.06 16:12:59.822,0.85097,0.85117,1.30,1.10
2014.10.06 16:13:00.388,0.85097,0.85119,1.30,1.00
2014.10.06 16:13:00.811,0.85099,0.8512,1.30,1.20
2014.10.06 16:13:01.361,0.85103,0.85121,1.30,1.00
2014.10.06 16:13:01.512,0.85103,0.85126,1.30,1.17
2014.10.06 16:13:01.714,0.85102,0.85123,1.05,1.00
2014.10.06 16:13:01.815,0.85102,0.85125,1.05,1.10
2014.10.06 16:13:01.916,0.85107,0.85127,1.30,1.15
2014.10.06 16:13:02.017,0.85107,0.85127,1.30,1.00
2014.10.06 16:13:02.168,0.85113,0.85131,1.30,1.07
2014.10.06 16:13:02.219,0.85113,0.85131,1.30,1.10
2014.10.06 16:13:02.270,0.85111,0.85133,1.30,1.15
2014.10.06 16:13:02.702,0.85111,0.85133,1.30,3.07
2014.10.06 16:13:04.131,0.8511,0.85133,1.30,3.07
2014.10.06 16:13:05.819,0.8511,0.85133,1.30,1.15
2014.10.06 16:13:07.973,0.85109,0.85133,1.30,1.15
2014.10.06 16:13:10.226,0.8511,0.85133,1.00,1.15
2014.10.06 16:13:10.528,0.85112,0.85133,1.30,1.15
2014.10.06 16:13:11.182,0.85113,0.85133,1.30,1.07
2014.10.06 16:13:11.233,0.85113,0.85133,1.30,1.10
2014.10.06 16:13:11.800,0.85114,0.85133,1.30,1.10
2014.10.06 16:13:13.158,0.85113,0.85136,1.30,1.15
2014.10.06 16:13:19.401,0.85112,0.85136,1.30,1.15
2014.10.06 16:13:19.553,0.85115,0.85135,1.30,1.15
2014.10.06 16:13:20.057,0.85114,0.85137,1.30,1.15
2014.10.06 16:13:23.831,0.85114,0.85138,1.30,1.15
2014.10.06 16:13:24.854,0.85114,0.85138,1.30,1.15
2014.10.06 16:13:30.209,0.85115,0.85135,1.00,1.15
2014.10.06 16:13:30.713,0.85114,0.85135,1.30,1.15
2014.10.06 16:13:31.878,0.85115,0.85137,1.30,1.15
2014.10.06 16:13:33.063,0.85114,0.85133,1.30,1.10
2014.10.06 16:13:35.051,0.85108,0.85133,1.07,3.00
2014.10.06 16:13:35.354,0.85105,0.85125,1.00,1.15
2014.10.06 16:13:35.404,0.85103,0.85125,1.30,1.15
2014.10.06 16:13:39.478,0.85103,0.85125,1.30,1.15
2014.10.06 16:13:39.780,0.85099,0.85117,1.30,1.17
2014.10.06 16:13:39.997,0.85099,0.85121,1.30,1.17
2014.10.06 16:13:40.142,0.85101,0.85121,1.30,1.17
2014.10.06 16:13:40.747,0.85099,0.8512,1.30,1.10
2014.10.06 16:13:41.250,0.85098,0.85121,1.30,1.17
2014.10.06 16:13:41.301,0.85098,0.85121,1.30,1.15
2014.10.06 16:13:41.861,0.85096,0.8512,1.00,1.15
2014.10.06 16:13:42.064,0.85098,0.8512,1.30,1.15
2014.10.06 16:13:43.402,0.85096,0.8512,1.00,1.15
2014.10.06 16:13:43.755,0.85098,0.85117,1.30,1.10
2014.10.06 16:13:44.158,0.85103,0.8512,1.30,1.15
2014.10.06 16:13:44.208,0.85103,0.8512,1.30,1.00
2014.10.06 16:13:44.410,0.85106,0.85127,1.30,1.17
2014.10.06 16:13:44.712,0.85108,0.85129,1.30,1.15
2014.10.06 16:13:45.472,0.85108,0.85125,1.30,1.00
2014.10.06 16:13:45.624,0.85104,0.85125,1.30,1.17
2014.10.06 16:13:46.077,0.85103,0.85125,1.30,1.17
2014.10.06 16:13:46.251,0.85101,0.85123,1.30,1.15
2014.10.06 16:13:46.943,0.85102,0.85123,1.30,1.15
2014.10.06 16:13:47.698,0.85101,0.85121,1.30,1.00
2014.10.06 16:13:48.261,0.85101,0.85119,1.30,1.00
2014.10.06 16:13:48.787,0.85103,0.85119,1.30,1.17
2014.10.06 16:13:48.939,0.85105,0.85122,1.30,1.17
2014.10.06 16:13:49.049,0.85106,0.85126,1.30,1.17
2014.10.06 16:13:49.662,0.85107,0.85127,1.30,1.15
2014.10.06 16:13:50.202,0.85106,0.85127,1.30,1.15
2014.10.06 16:13:51.310,0.85105,0.85127,1.30,1.15
2014.10.06 16:13:51.692,0.85106,0.85127,1.30,1.17
2014.10.06 16:13:51.893,0.85109,0.85129,1.30,1.15
2014.10.06 16:13:52.449,0.85106,0.85127,1.30,1.10
2014.10.06 16:13:52.680,0.85108,0.85127,1.30,1.10
2014.10.06 16:13:53.408,0.8511,0.85129,1.30,1.15
2014.10.06 16:13:54.072,0.85108,0.85129,1.30,1.15
2014.10.06 16:13:54.583,0.85107,0.85129,1.30,1.15
2014.10.06 16:13:57.179,0.8511,0.85129,1.30,1.15
2014.10.06 16:13:57.682,0.85111,0.85129,1.30,1.15
2014.10.06 16:13:58.203,0.85112,0.85129,1.30,1.15
2014.10.06 16:13:58.713,0.85111,0.85129,1.30,1.15
2014.10.06 16:13:59.231,0.85109,0.85129,1.30,1.15
2014.10.06 16:14:00.686,0.85111,0.85132,1.30,1.15
2014.10.06 16:14:00.793,0.85111,0.85132,1.30,1.15
2014.10.06 16:14:01.560,0.85111,0.85129,1.30,1.00
2014.10.06 16:14:03.300,0.85109,0.85129,1.30,1.00
2014.10.06 16:14:03.983,0.85109,0.85129,1.30,1.15
2014.10.06 16:14:05.623,0.85108,0.85129,1.30,1.15
2014.10.06 16:14:06.860,0.85112,0.85129,1.30,1.07
2014.10.06 16:14:06.961,0.85114,0.85133,1.30,1.17
2014.10.06 16:14:07.065,0.85116,0.85133,1.30,1.17
2014.10.06 16:14:07.166,0.85112,0.85135,1.30,1.15
2014.10.06 16:14:07.850,0.85113,0.85137,1.30,1.15
2014.10.06 16:14:07.951,0.85115,0.85135,1.30,1.15
2014.10.06 16:14:08.648,0.85114,0.85135,1.30,1.15
2014.10.06 16:14:09.172,0.85115,0.85135,1.30,1.15
2014.10.06 16:14:11.332,0.85115,0.85137,1.30,1.15
2014.10.06 16:14:14.335,0.85117,0.85141,1.30,3.82
2014.10.06 16:14:14.837,0.85116,0.85139,1.30,1.15
2014.10.06 16:14:15.340,0.85115,0.85137,1.30,1.15
2014.10.06 16:14:16.948,0.85116,0.85139,1.30,1.15
2014.10.06 16:14:17.402,0.85113,0.8514,1.00,1.65
2014.10.06 16:14:17.937,0.85112,0.85135,1.05,1.57
2014.10.06 16:14:18.138,0.85112,0.85135,1.30,1.65
2014.10.06 16:14:18.290,0.8511,0.85135,1.00,1.65
2014.10.06 16:14:18.391,0.85112,0.85135,1.00,1.15
2014.10.06 16:14:18.442,0.85112,0.85135,1.10,1.17
2014.10.06 16:14:22.024,0.85113,0.85135,1.05,1.07
2014.10.06 16:14:22.124,0.85117,0.85135,1.30,1.00
2014.10.06 16:14:22.225,0.85118,0.85139,1.30,1.07
2014.10.06 16:14:22.276,0.85118,0.85139,1.30,1.00
2014.10.06 16:14:22.780,0.85118,0.85141,1.30,1.17
2014.10.06 16:14:23.285,0.85116,0.85141,1.17,1.17
2014.10.06 16:14:24.011,0.85118,0.85143,1.00,1.15
2014.10.06 16:14:25.098,0.85116,0.85141,1.87,1.17
2014.10.06 16:14:25.684,0.85118,0.85143,1.00,1.15
2014.10.06 16:14:26.859,0.85116,0.85141,1.87,1.17
2014.10.06 16:14:27.443,0.85118,0.85143,1.00,1.15
2014.10.06 16:14:28.050,0.85116,0.85141,1.17,1.17
2014.10.06 16:14:32.450,0.85116,0.85141,1.07,1.15
2014.10.06 16:14:32.985,0.85114,0.85139,1.10,1.15
2014.10.06 16:14:40.939,0.85116,0.85141,1.00,1.15
2014.10.06 16:14:41.145,0.85116,0.85141,1.15,1.17
2014.10.06 16:14:43.736,0.85118,0.85143,1.00,1.15
2014.10.06 16:14:43.787,0.85116,0.85141,1.00,1.15
2014.10.06 16:14:43.838,0.85116,0.85141,1.00,3.07
2014.10.06 16:14:43.888,0.85112,0.85137,1.87,1.15
2014.10.06 16:14:44.430,0.85113,0.85137,1.30,1.15
2014.10.06 16:14:44.925,0.85116,0.85137,1.30,1.15
2014.10.06 16:14:48.301,0.85117,0.85137,1.30,1.15
2014.10.06 16:14:48.402,0.85115,0.85137,1.30,1.15
2014.10.06 16:14:49.972,0.85114,0.85137,1.30,1.15
2014.10.06 16:14:53.030,0.85112,0.85135,1.30,1.15
2014.10.06 16:14:54.106,0.85112,0.85131,1.30,1.00
2014.10.06 16:14:58.121,0.85114,0.85131,1.30,1.00
2014.10.06 16:14:58.424,0.85113,0.85127,1.30,1.00
2014.10.06 16:14:58.676,0.85111,0.85127,1.30,1.00
2014.10.06 16:15:02.039,0.85114,0.85127,1.30,1.00
2014.10.06 16:15:02.256,0.85114,0.85129,1.30,1.00
2014.10.06 16:15:02.411,0.85111,0.85129,1.30,1.00
2014.10.06 16:15:02.462,0.85111,0.85127,1.30,1.00
2014.10.06 16:15:02.513,0.85109,0.85127,1.30,1.00
2014.10.06 16:15:02.613,0.85111,0.85126,1.30,1.00
2014.10.06 16:15:02.715,0.85109,0.85127,1.30,1.00
2014.10.06 16:15:02.816,0.85107,0.85125,1.30,1.00
2014.10.06 16:15:03.120,0.85111,0.85126,1.30,1.00
2014.10.06 16:15:04.366,0.85111,0.85131,1.30,1.15
2014.10.06 16:15:04.947,0.8511,0.85131,1.30,1.15
2014.10.06 16:15:05.475,0.85109,0.85133,1.30,1.15
2014.10.06 16:15:07.346,0.85107,0.85129,1.30,1.20
2014.10.06 16:15:07.699,0.85104,0.85129,1.72,1.15
2014.10.06 16:15:07.901,0.85102,0.85125,1.05,1.10
2014.10.06 16:15:08.102,0.85102,0.85127,1.72,1.15
2014.10.06 16:15:09.409,0.85101,0.85125,1.30,1.15
2014.10.06 16:15:13.196,0.851,0.85125,1.80,1.15
2014.10.06 16:15:14.358,0.85102,0.85127,1.00,1.15
2014.10.06 16:15:15.141,0.85105,0.85127,1.00,1.15
2014.10.06 16:15:15.292,0.85106,0.85127,1.30,1.17
2014.10.06 16:15:17.685,0.85105,0.85127,1.30,1.17
2014.10.06 16:15:18.208,0.85107,0.85129,1.30,1.15
2014.10.06 16:15:23.598,0.85108,0.85129,1.30,1.15
2014.10.06 16:15:26.123,0.85108,0.85129,1.30,1.17
2014.10.06 16:15:26.224,0.85108,0.85129,1.30,1.10
2014.10.06 16:15:26.788,0.85107,0.85129,1.30,1.10
2014.10.06 16:15:26.946,0.85109,0.85129,1.30,1.10
2014.10.06 16:15:27.476,0.8511,0.85131,1.00,1.17
2014.10.06 16:15:27.936,0.85113,0.85132,1.30,1.17
2014.10.06 16:15:28.368,0.85114,0.85135,1.30,1.15
2014.10.06 16:15:28.771,0.85117,0.85135,1.30,1.17
2014.10.06 16:15:28.922,0.85117,0.85137,1.30,1.00
2014.10.06 16:15:29.610,0.85117,0.85139,1.30,1.15
2014.10.06 16:15:30.199,0.85116,0.85137,1.30,1.00
2014.10.06 16:15:30.250,0.85116,0.85137,1.30,1.07
2014.10.06 16:15:30.789,0.85115,0.85137,1.00,1.15
2014.10.06 16:15:33.623,0.85115,0.85133,1.00,1.30
2014.10.06 16:15:34.629,0.85115,0.85132,1.00,1.30
2014.10.06 16:15:35.048,0.8511,0.85132,1.50,1.30
2014.10.06 16:15:35.391,0.8511,0.8513,1.00,1.30
2014.10.06 16:15:35.693,0.85109,0.85128,1.00,1.37
2014.10.06 16:15:35.895,0.85106,0.8513,1.00,1.45
2014.10.06 16:15:36.405,0.85105,0.85126,1.00,1.30
2014.10.06 16:15:37.148,0.85104,0.85129,1.10,1.87
2014.10.06 16:15:37.685,0.85105,0.85125,1.50,1.37
2014.10.06 16:15:37.938,0.85102,0.85127,1.10,1.15
2014.10.06 16:15:38.039,0.85105,0.85127,1.00,1.15
2014.10.06 16:15:38.140,0.85105,0.85127,1.00,1.30
2014.10.06 16:15:38.190,0.85105,0.85127,1.07,1.30
2014.10.06 16:15:38.525,0.8511,0.85129,1.00,1.30
2014.10.06 16:15:38.907,0.8511,0.85127,1.00,1.30
2014.10.06 16:15:39.055,0.8511,0.85129,1.10,1.30
2014.10.06 16:15:39.562,0.8511,0.85128,1.10,1.30
2014.10.06 16:15:40.101,0.8511,0.85129,1.00,1.30
2014.10.06 16:15:40.202,0.85108,0.85129,1.00,1.30
2014.10.06 16:15:41.318,0.8511,0.85129,1.00,1.30
2014.10.06 16:15:41.827,0.85109,0.85129,1.00,1.30
2014.10.06 16:15:42.385,0.8511,0.85129,1.00,1.30
2014.10.06 16:15:43.199,0.85114,0.85129,1.00,1.30
2014.10.06 16:15:43.749,0.85115,0.85133,1.00,1.30
2014.10.06 16:15:44.198,0.85115,0.85135,1.00,1.30
2014.10.06 16:15:44.740,0.85115,0.85136,1.00,1.05
2014.10.06 16:15:45.260,0.85115,0.85136,1.17,1.30
2014.10.06 16:15:50.007,0.8512,0.85136,1.00,1.30
2014.10.06 16:15:50.209,0.85116,0.85136,1.10,1.30
2014.10.06 16:15:50.889,0.8512,0.85134,1.00,1.30
2014.10.06 16:15:51.293,0.85116,0.85134,1.10,1.30
2014.10.06 16:15:52.061,0.85115,0.85133,1.00,1.30
2014.10.06 16:15:52.770,0.85115,0.8513,1.00,1.30
2014.10.06 16:15:53.950,0.8511,0.8513,1.10,1.30
2014.10.06 16:16:09.602,0.8511,0.85129,1.10,1.30
2014.10.06 16:16:14.229,0.85107,0.85129,1.15,1.30
2014.10.06 16:16:18.825,0.8511,0.85129,1.00,1.30
2014.10.06 16:16:18.935,0.8511,0.85134,1.15,1.00
2014.10.06 16:16:19.036,0.85113,0.85136,2.32,1.30
2014.10.06 16:16:19.339,0.8512,0.85134,1.00,1.30
2014.10.06 16:16:19.389,0.8512,0.85136,1.00,1.30
2014.10.06 16:16:20.227,0.85116,0.85136,1.00,1.30
2014.10.06 16:16:20.327,0.85116,0.85137,1.07,1.30
2014.10.06 16:16:20.637,0.85125,0.85137,1.00,1.30
2014.10.06 16:16:21.449,0.85125,0.85138,1.00,1.30
2014.10.06 16:16:22.350,0.8512,0.85138,1.00,1.30
2014.10.06 16:16:22.853,0.85115,0.85138,1.15,1.30
2014.10.06 16:16:23.233,0.85116,0.85136,1.15,1.30
2014.10.06 16:16:25.660,0.85116,0.85136,1.00,1.30
2014.10.06 16:16:25.862,0.85114,0.85134,1.15,1.30
2014.10.06 16:16:26.064,0.85112,0.85133,1.20,1.30
2014.10.06 16:16:27.837,0.8511,0.8513,1.65,1.30
2014.10.06 16:16:28.738,0.8511,0.85131,1.10,1.30
2014.10.06 16:16:29.499,0.8511,0.8513,1.10,1.30
2014.10.06 16:16:29.751,0.85104,0.85128,1.15,1.30
2014.10.06 16:16:31.440,0.85108,0.85128,1.00,1.30
2014.10.06 16:16:33.579,0.85108,0.85131,1.15,1.30
2014.10.06 16:16:33.780,0.85112,0.85136,1.10,1.12
2014.10.06 16:16:33.881,0.85116,0.85136,1.00,1.30
2014.10.06 16:16:34.183,0.85116,0.8514,1.00,1.45
2014.10.06 16:16:34.234,0.85118,0.8514,1.00,1.45
2014.10.06 16:16:34.791,0.85118,0.85138,1.10,1.30
2014.10.06 16:16:35.390,0.85118,0.85139,1.10,1.30
2014.10.06 16:16:39.098,0.85118,0.85142,1.10,1.12
2014.10.06 16:16:39.256,0.85118,0.85139,1.10,1.30
2014.10.06 16:16:42.778,0.8512,0.85139,1.00,1.30
2014.10.06 16:16:43.407,0.8512,0.85138,1.00,1.30
2014.10.06 16:16:44.085,0.85118,0.85138,1.10,1.30
2014.10.06 16:16:46.505,0.85116,0.85139,1.15,1.30
2014.10.06 16:16:55.247,0.85116,0.85139,1.15,1.30
2014.10.06 16:17:01.425,0.85116,0.85139,1.00,1.45
2014.10.06 16:17:02.074,0.85115,0.85138,1.10,1.12
2014.10.06 16:17:03.774,0.85118,0.85138,1.00,1.12
2014.10.06 16:17:03.926,0.85116,0.85138,1.00,1.12
2014.10.06 16:17:09.059,0.85118,0.85138,1.00,1.12
2014.10.06 16:17:09.361,0.85116,0.85135,1.00,1.30
2014.10.06 16:17:10.830,0.85112,0.85135,1.10,1.05
2014.10.06 16:17:10.932,0.85114,0.85133,1.00,1.30
2014.10.06 16:17:11.184,0.85112,0.85133,1.10,1.30
2014.10.06 16:17:11.335,0.85112,0.8513,1.10,1.30
2014.10.06 16:17:11.386,0.8511,0.8513,1.10,1.30
2014.10.06 16:17:11.637,0.85107,0.85129,1.10,1.30
2014.10.06 16:17:11.688,0.85107,0.85126,1.10,1.30
2014.10.06 16:17:12.252,0.85108,0.85126,1.00,1.30
2014.10.06 16:17:15.657,0.85108,0.85129,1.00,1.30
2014.10.06 16:17:16.204,0.85108,0.85128,1.00,1.30
2014.10.06 16:17:23.017,0.85108,0.85126,1.00,1.30
2014.10.06 16:17:30.260,0.85108,0.85125,1.00,1.30
2014.10.06 16:17:30.803,0.85106,0.85125,1.17,1.30
2014.10.06 16:17:31.641,0.85106,0.85125,1.00,1.30
2014.10.06 16:17:32.152,0.85106,0.85126,1.00,1.30
2014.10.06 16:17:35.537,0.85106,0.85127,1.00,1.05
2014.10.06 16:17:37.661,0.85108,0.85127,1.00,1.05
2014.10.06 16:17:38.164,0.85106,0.85127,1.17,1.30
2014.10.06 16:17:38.618,0.85106,0.85122,1.17,1.30
2014.10.06 16:17:38.719,0.85104,0.85123,1.10,1.30
2014.10.06 16:17:39.158,0.85104,0.85128,1.10,1.45
2014.10.06 16:17:39.209,0.85105,0.85128,1.65,1.30
2014.10.06 16:17:39.511,0.8511,0.8513,1.10,1.30
2014.10.06 16:17:40.733,0.8511,0.85129,1.10,1.30
2014.10.06 16:17:41.036,0.85108,0.85125,1.00,1.30
2014.10.06 16:17:41.137,0.85106,0.85126,1.00,1.30
2014.10.06 16:17:41.700,0.85103,0.85125,1.15,1.30
2014.10.06 16:17:44.773,0.85103,0.85129,1.15,1.45
2014.10.06 16:17:45.331,0.85106,0.85129,1.00,1.45
2014.10.06 16:17:53.535,0.85104,0.85129,1.17,1.87
2014.10.06 16:17:54.813,0.85106,0.85128,1.00,1.12
2014.10.06 16:17:55.340,0.85104,0.85128,1.17,1.12
2014.10.06 16:17:58.837,0.85106,0.85128,1.00,1.12
2014.10.06 16:17:59.403,0.85104,0.85128,1.17,1.12
2014.10.06 16:17:59.615,0.85104,0.85122,1.17,1.30
2014.10.06 16:17:59.767,0.85104,0.85125,1.17,1.30
2014.10.06 16:18:00.567,0.85106,0.85125,1.00,1.30
2014.10.06 16:18:00.820,0.85099,0.85122,2.32,1.00
2014.10.06 16:18:01.143,0.85099,0.85118,2.32,1.00
2014.10.06 16:18:01.344,0.85095,0.85116,3.07,1.00
2014.10.06 16:18:01.445,0.85095,0.85118,3.07,1.00
2014.10.06 16:18:01.546,0.85095,0.85116,3.07,1.00
2014.10.06 16:18:01.899,0.85095,0.85118,3.07,1.00
2014.10.06 16:18:08.051,0.851,0.85123,1.17,1.00
2014.10.06 16:18:08.101,0.851,0.85123,1.15,1.00
2014.10.06 16:18:08.404,0.851,0.85118,1.15,1.00
2014.10.06 16:18:08.913,0.851,0.8512,1.15,1.00
2014.10.06 16:18:08.965,0.85101,0.8512,2.32,1.00
2014.10.06 16:18:11.898,0.85101,0.85123,2.32,1.00
2014.10.06 16:18:15.434,0.85105,0.85126,1.15,1.00
2014.10.06 16:18:19.625,0.85105,0.85127,1.15,1.00
2014.10.06 16:18:29.227,0.85105,0.85127,1.17,1.00
2014.10.06 16:18:37.345,0.85104,0.85127,1.15,1.72
2014.10.06 16:18:37.547,0.85105,0.8513,1.15,1.30
2014.10.06 16:18:37.648,0.8511,0.85131,1.17,1.00
2014.10.06 16:18:38.190,0.85107,0.85132,3.07,1.72
2014.10.06 16:18:38.643,0.8511,0.85129,1.15,1.00
2014.10.06 16:18:38.694,0.8511,0.85129,1.07,1.00
2014.10.06 16:18:39.016,0.85105,0.85129,1.15,1.00
2014.10.06 16:18:39.067,0.85105,0.85127,1.15,1.00
2014.10.06 16:18:40.736,0.85102,0.85125,2.32,1.00
2014.10.06 16:18:40.788,0.851,0.85125,1.65,1.00
2014.10.06 16:18:41.191,0.85102,0.85127,1.15,1.00
2014.10.06 16:18:41.392,0.851,0.85125,1.65,1.00
2014.10.06 16:18:41.494,0.85105,0.85127,1.10,1.00
2014.10.06 16:18:41.594,0.851,0.85125,1.65,1.00
2014.10.06 16:18:42.925,0.851,0.85121,1.15,1.00
2014.10.06 16:18:43.127,0.851,0.85123,1.15,1.00
2014.10.06 16:18:43.480,0.851,0.85121,1.15,1.00
2014.10.06 16:18:43.580,0.851,0.85123,1.15,1.00
2014.10.06 16:18:44.004,0.851,0.85121,1.15,1.00
2014.10.06 16:18:44.442,0.851,0.85123,1.15,1.00
2014.10.06 16:18:45.033,0.851,0.85125,1.65,1.00
2014.10.06 16:18:45.102,0.851,0.85123,1.15,1.00
2014.10.06 16:18:45.812,0.851,0.85125,1.65,1.00
2014.10.06 16:18:46.018,0.851,0.85123,1.15,1.00
2014.10.06 16:18:46.119,0.851,0.85125,1.65,1.00
2014.10.06 16:18:46.220,0.851,0.85123,1.15,1.00
2014.10.06 16:18:46.803,0.851,0.85121,1.15,1.00
2014.10.06 16:18:47.005,0.851,0.85123,1.15,1.00
2014.10.06 16:18:47.106,0.851,0.8512,1.15,1.00
2014.10.06 16:18:47.209,0.851,0.85123,1.15,1.72
2014.10.06 16:18:47.310,0.851,0.85121,1.15,1.00
2014.10.06 16:18:47.461,0.851,0.85123,1.15,1.72
2014.10.06 16:18:47.663,0.851,0.85121,1.15,1.00
2014.10.06 16:18:49.487,0.851,0.85121,1.15,1.00
2014.10.06 16:18:49.538,0.851,0.85123,1.15,1.00
2014.10.06 16:18:49.639,0.85105,0.85121,1.00,1.00
2014.10.06 16:18:49.740,0.85105,0.85123,1.00,1.00
2014.10.06 16:18:50.145,0.85102,0.85123,1.45,1.00
2014.10.06 16:18:50.196,0.85104,0.85125,1.15,1.00
2014.10.06 16:18:50.297,0.85105,0.85129,1.15,1.00
2014.10.06 16:18:50.499,0.8511,0.85127,1.00,1.00
2014.10.06 16:18:50.751,0.85105,0.85127,1.15,1.00
2014.10.06 16:18:50.852,0.8511,0.85127,1.00,1.00
2014.10.06 16:18:50.926,0.85105,0.85127,1.15,1.00
2014.10.06 16:18:51.077,0.85109,0.85127,1.00,1.00
2014.10.06 16:18:51.381,0.85105,0.85126,1.15,1.00
2014.10.06 16:18:51.482,0.8511,0.85126,1.00,1.00
2014.10.06 16:18:51.608,0.85101,0.85126,2.32,1.00
2014.10.06 16:18:51.709,0.85101,0.85124,2.32,1.00
2014.10.06 16:18:51.759,0.851,0.85124,1.15,1.00
2014.10.06 16:18:51.860,0.851,0.85121,1.15,1.00
2014.10.06 16:18:53.183,0.85098,0.85119,2.32,1.00
2014.10.06 16:18:53.283,0.851,0.85119,1.17,1.00
2014.10.06 16:18:54.476,0.851,0.85118,1.17,1.00
2014.10.06 16:18:54.698,0.851,0.85121,1.17,1.00
2014.10.06 16:18:54.799,0.851,0.85119,1.17,1.00
2014.10.06 16:18:55.253,0.851,0.85121,1.17,1.00
2014.10.06 16:18:59.407,0.851,0.85123,1.15,1.00
2014.10.06 16:18:59.666,0.85104,0.85125,1.00,1.30
2014.10.06 16:19:00.639,0.85105,0.85125,1.00,1.30
2014.10.06 16:19:01.156,0.85106,0.85127,1.00,1.30
2014.10.06 16:19:01.610,0.85108,0.85125,1.00,1.30
2014.10.06 16:19:01.761,0.85102,0.85124,1.15,1.30
2014.10.06 16:19:01.906,0.85104,0.85123,1.00,1.30
2014.10.06 16:19:02.157,0.85105,0.85126,1.00,1.30
2014.10.06 16:19:02.844,0.85106,0.85126,1.00,1.30
2014.10.06 16:19:03.367,0.85106,0.85125,1.00,1.30
2014.10.06 16:19:03.734,0.85102,0.85125,1.20,1.30
2014.10.06 16:19:03.835,0.85104,0.85125,1.07,1.30
2014.10.06 16:19:04.349,0.85104,0.85125,1.00,1.30
2014.10.06 16:19:04.876,0.85102,0.85125,1.17,1.30
2014.10.06 16:19:05.532,0.85104,0.85125,1.00,1.30
2014.10.06 16:19:06.456,0.85105,0.85125,1.00,1.30
2014.10.06 16:19:07.027,0.85105,0.85125,1.00,1.45
2014.10.06 16:19:07.540,0.85104,0.85123,1.00,1.05
2014.10.06 16:19:08.634,0.85104,0.85121,1.00,1.30
2014.10.06 16:19:09.015,0.85102,0.85122,1.00,1.30
2014.10.06 16:19:11.205,0.85104,0.85122,1.00,1.30
2014.10.06 16:19:11.306,0.85102,0.85122,1.00,1.30
2014.10.06 16:19:11.507,0.85102,0.85124,1.17,1.30
2014.10.06 16:19:11.608,0.85105,0.85124,1.00,1.30
2014.10.06 16:19:12.062,0.85104,0.85126,1.15,1.30
2014.10.06 16:19:12.376,0.8511,0.85128,1.00,1.30
2014.10.06 16:19:13.393,0.8511,0.85133,1.00,1.15
2014.10.06 16:19:23.374,0.85115,0.85133,1.00,1.15
2014.10.06 16:19:26.930,0.8511,0.85133,1.00,1.15
2014.10.06 16:19:27.587,0.85114,0.85135,1.00,1.87
2014.10.06 16:19:27.688,0.8511,0.85135,1.65,1.87
2014.10.06 16:19:27.889,0.8512,0.85135,1.00,1.17
2014.10.06 16:19:28.041,0.85119,0.85137,1.00,1.17
2014.10.06 16:19:28.142,0.85115,0.85137,1.00,1.17
2014.10.06 16:19:28.658,0.85114,0.85139,1.10,1.87
2014.10.06 16:19:29.194,0.85115,0.85139,1.00,1.15
2014.10.06 16:19:29.707,0.85114,0.85139,1.10,1.15
2014.10.06 16:19:32.655,0.8511,0.85135,2.62,1.00
2014.10.06 16:19:32.756,0.85116,0.85138,1.00,1.45
2014.10.06 16:19:32.857,0.85114,0.85138,1.10,1.45
2014.10.06 16:19:33.389,0.85115,0.85139,1.00,1.15
2014.10.06 16:19:34.354,0.85115,0.85139,1.00,3.07
2014.10.06 16:19:35.913,0.85114,0.85139,1.00,4.05
2014.10.06 16:19:35.964,0.85112,0.85137,1.00,1.15
2014.10.06 16:19:36.510,0.8511,0.85135,1.65,1.15
2014.10.06 16:19:36.687,0.85115,0.85135,1.00,1.15
2014.10.06 16:19:39.125,0.85115,0.85137,1.00,1.15
2014.10.06 16:19:39.175,0.85115,0.85137,1.00,1.17
2014.10.06 16:19:43.323,0.85116,0.85141,1.00,1.87
2014.10.06 16:19:43.900,0.85115,0.85139,1.00,1.15
2014.10.06 16:19:44.388,0.8511,0.85135,1.65,1.15
2014.10.06 16:19:48.827,0.85112,0.85137,1.00,1.15
2014.10.06 16:19:49.427,0.8511,0.85135,1.65,1.15
2014.10.06 16:19:52.771,0.8511,0.85135,1.17,1.07
2014.10.06 16:19:52.872,0.85112,0.85137,1.17,1.17
2014.10.06 16:19:57.310,0.8511,0.85135,1.15,1.00
2014.10.06 16:19:58.604,0.8511,0.85135,1.20,1.15
2014.10.06 16:19:58.989,0.85111,0.85135,1.37,1.07
2014.10.06 16:19:59.140,0.8511,0.85133,1.17,1.10
2014.10.06 16:20:08.865,0.8511,0.85135,1.50,1.87
2014.10.06 16:20:09.393,0.85108,0.85133,1.10,1.15
2014.10.06 16:20:09.931,0.8511,0.85135,1.00,1.65
2014.10.06 16:20:10.446,0.85109,0.85133,1.00,1.15
2014.10.06 16:20:10.950,0.8511,0.85135,1.17,1.17
2014.10.06 16:20:11.253,0.85112,0.85136,1.00,2.32
2014.10.06 16:20:11.354,0.85106,0.85131,1.50,1.17
2014.10.06 16:20:11.455,0.85101,0.85128,1.15,1.17
2014.10.06 16:20:11.757,0.85104,0.85129,1.00,1.15
2014.10.06 16:20:11.807,0.85102,0.85127,1.10,1.15
2014.10.06 16:20:11.908,0.85104,0.85129,1.00,1.15
2014.10.06 16:20:12.362,0.85102,0.85127,1.10,1.15
2014.10.06 16:20:13.068,0.85102,0.85127,1.15,1.00
2014.10.06 16:20:13.620,0.85104,0.85129,1.07,1.07
2014.10.06 16:20:22.687,0.85107,0.85134,1.00,3.07
2014.10.06 16:20:22.911,0.85107,0.85134,1.07,1.87
2014.10.06 16:20:26.340,0.8511,0.85131,1.00,1.17
2014.10.06 16:20:26.491,0.8511,0.85134,1.17,1.17
2014.10.06 16:20:26.542,0.8511,0.85134,1.10,1.17
2014.10.06 16:20:26.995,0.85106,0.85131,1.87,1.10
2014.10.06 16:20:37.553,0.8511,0.85133,1.00,1.15
2014.10.06 16:20:37.703,0.85108,0.85133,1.10,1.15
2014.10.06 16:20:40.667,0.85106,0.85131,1.07,1.17
2014.10.06 16:20:40.768,0.85106,0.85131,1.10,1.87
2014.10.06 16:20:44.074,0.8511,0.85129,1.00,1.17
2014.10.06 16:20:44.134,0.85105,0.85129,1.17,1.17
2014.10.06 16:20:44.664,0.85105,0.85127,1.17,1.00
2014.10.06 16:20:45.934,0.85105,0.85129,1.17,1.17
2014.10.06 16:20:46.387,0.85106,0.85131,1.17,1.07
2014.10.06 16:20:46.488,0.85106,0.85131,1.15,1.10
2014.10.06 16:20:52.524,0.85105,0.85129,1.87,1.00
2014.10.06 16:20:52.675,0.85106,0.85131,1.15,1.10
2014.10.06 16:20:56.383,0.85105,0.85129,1.15,1.07
2014.10.06 16:20:56.434,0.85105,0.85129,1.07,1.07
2014.10.06 16:20:57.367,0.85102,0.85127,1.15,1.00
2014.10.06 16:20:59.234,0.85104,0.85129,1.17,1.07
2014.10.06 16:20:59.285,0.85104,0.85129,1.10,1.07
2014.10.06 16:20:59.386,0.85102,0.85127,1.10,1.15
2014.10.06 16:21:02.194,0.851,0.85125,1.07,1.17
2014.10.06 16:21:02.244,0.85098,0.85123,1.17,1.15
2014.10.06 16:21:03.691,0.851,0.85125,1.00,1.15
2014.10.06 16:21:13.211,0.85102,0.85127,1.00,3.07
2014.10.06 16:21:13.262,0.85102,0.85127,1.10,1.15
2014.10.06 16:21:20.043,0.85098,0.85123,1.15,1.00
2014.10.06 16:21:20.245,0.851,0.85125,1.15,1.10
2014.10.06 16:21:20.813,0.85104,0.85129,1.00,1.15
2014.10.06 16:21:20.914,0.85108,0.85133,1.15,1.17
2014.10.06 16:21:29.068,0.85106,0.85129,1.45,1.00
2014.10.06 16:21:29.169,0.85106,0.85131,1.87,1.00
2014.10.06 16:21:30.341,0.85106,0.85131,1.17,1.07
2014.10.06 16:21:30.392,0.85106,0.85131,1.17,1.15
2014.10.06 16:21:46.302,0.85106,0.85131,1.15,1.00
2014.10.06 16:21:47.074,0.85108,0.85133,1.17,1.17
2014.10.06 16:21:48.115,0.85106,0.85131,1.15,1.00
2014.10.06 16:21:48.715,0.85108,0.85133,1.17,1.17
2014.10.06 16:21:52.216,0.85108,0.85133,1.00,1.15
2014.10.06 16:21:52.267,0.85106,0.85129,1.05,1.10
2014.10.06 16:22:13.177,0.85106,0.85131,1.00,1.15
2014.10.06 16:22:15.359,0.85108,0.85133,1.00,1.15
2014.10.06 16:22:15.510,0.85108,0.85133,1.10,1.15
2014.10.06 16:22:15.712,0.85105,0.85129,1.87,1.00
2014.10.06 16:22:16.166,0.85108,0.85133,1.10,1.15
2014.10.06 16:22:21.604,0.85106,0.85128,1.00,1.12
2014.10.06 16:22:21.755,0.85102,0.85127,1.10,1.15
2014.10.06 16:22:21.908,0.851,0.85125,1.50,1.87
2014.10.06 16:22:22.210,0.85102,0.85127,1.00,1.15
2014.10.06 16:22:22.311,0.851,0.85125,1.00,1.15
2014.10.06 16:22:22.412,0.851,0.85125,1.15,1.17
2014.10.06 16:22:25.514,0.851,0.85125,1.00,1.87
2014.10.06 16:22:25.832,0.85105,0.85127,1.00,1.87
2014.10.06 16:22:25.883,0.85102,0.85127,1.10,1.87
2014.10.06 16:22:26.084,0.85105,0.85125,1.00,1.17
2014.10.06 16:22:26.494,0.851,0.85125,1.15,1.17
2014.10.06 16:22:26.646,0.85105,0.85125,1.00,1.17
2014.10.06 16:22:26.948,0.85102,0.85127,1.10,1.87
2014.10.06 16:22:33.043,0.851,0.85125,1.00,1.15
2014.10.06 16:22:38.013,0.85098,0.85123,1.17,1.17
2014.10.06 16:22:38.315,0.85098,0.85123,1.00,1.15
2014.10.06 16:22:38.366,0.85096,0.85121,1.10,1.15
2014.10.06 16:22:38.592,0.85096,0.85121,1.07,1.07
2014.10.06 16:22:38.995,0.851,0.85123,1.10,1.10
2014.10.06 16:22:46.849,0.85101,0.85125,1.00,1.45
2014.10.06 16:22:46.950,0.85104,0.85127,1.00,1.45
2014.10.06 16:22:48.121,0.85105,0.85129,1.00,4.65
2014.10.06 16:22:53.916,0.85105,0.85128,1.00,1.45
2014.10.06 16:22:58.852,0.85104,0.85129,1.50,1.50
2014.10.06 16:23:00.822,0.85101,0.85126,1.15,1.17
2014.10.06 16:23:00.873,0.85105,0.85126,1.00,1.17
2014.10.06 16:23:02.370,0.85105,0.85128,1.07,1.30
2014.10.06 16:23:08.311,0.85104,0.85129,1.17,1.42
2014.10.06 16:23:08.641,0.85104,0.85125,1.17,1.30
2014.10.06 16:23:08.750,0.85104,0.85129,1.17,2.40
2014.10.06 16:23:23.213,0.85104,0.85129,1.17,1.17
2014.10.06 16:23:29.690,0.85104,0.85125,1.00,1.05
2014.10.06 16:23:29.741,0.85101,0.85125,1.17,1.05
2014.10.06 16:23:30.379,0.851,0.85124,1.65,1.30
2014.10.06 16:23:38.890,0.851,0.85125,1.65,1.10
2014.10.06 16:23:39.371,0.851,0.85122,1.65,1.30
2014.10.06 16:23:39.522,0.851,0.85124,1.65,1.30
2014.10.06 16:23:39.674,0.85098,0.85121,1.15,1.30
2014.10.06 16:23:39.724,0.851,0.85121,1.00,1.30
2014.10.06 16:23:39.825,0.851,0.8512,1.00,1.12
2014.10.06 16:23:39.875,0.85096,0.8512,1.10,1.12
2014.10.06 16:23:40.127,0.85095,0.8512,1.65,1.00
2014.10.06 16:23:40.178,0.85097,0.85122,1.15,1.72
2014.10.06 16:23:40.430,0.85097,0.8512,1.15,1.30
2014.10.06 16:23:40.833,0.85096,0.85121,1.17,1.80
2014.10.06 16:23:41.704,0.85096,0.85121,1.17,1.00
2014.10.06 16:23:42.362,0.851,0.85122,1.10,1.30
2014.10.06 16:23:42.972,0.851,0.85124,1.57,1.12
2014.10.06 16:23:51.961,0.85102,0.85127,1.00,1.87
2014.10.06 16:23:53.610,0.851,0.85125,1.10,1.15
2014.10.06 16:23:53.711,0.85102,0.85127,1.00,1.15
2014.10.06 16:23:55.829,0.85102,0.85127,1.15,1.17
2014.10.06 16:24:00.340,0.851,0.85125,1.87,1.00
2014.10.06 16:24:00.783,0.85102,0.85127,1.15,1.00
2014.10.06 16:24:01.286,0.85103,0.85128,1.15,1.30
2014.10.06 16:24:15.222,0.85103,0.85129,1.15,1.05
2014.10.06 16:24:15.525,0.8511,0.85134,1.00,1.45
2014.10.06 16:24:15.827,0.8511,0.85135,1.65,1.80
2014.10.06 16:24:16.129,0.85108,0.85133,3.07,1.00
2014.10.06 16:24:16.180,0.85112,0.85137,1.15,1.10
2014.10.06 16:24:17.103,0.85112,0.85135,1.15,1.30
2014.10.06 16:24:17.203,0.8511,0.85133,1.17,1.00
2014.10.06 16:24:17.707,0.85112,0.85137,1.00,1.87
2014.10.06 16:24:20.385,0.85112,0.85137,1.15,1.87
2014.10.06 16:24:22.328,0.8511,0.85135,1.15,1.00
2014.10.06 16:24:26.923,0.85112,0.85137,1.15,1.17
2014.10.06 16:24:32.279,0.85109,0.85136,1.15,1.17
2014.10.06 16:24:32.329,0.85109,0.85136,1.15,1.15
2014.10.06 16:24:32.380,0.85109,0.85136,1.07,1.15
2014.10.06 16:24:32.431,0.85109,0.85136,1.00,1.15
2014.10.06 16:24:32.940,0.85108,0.85133,1.10,1.15
2014.10.06 16:24:33.425,0.85106,0.85131,1.00,1.15
2014.10.06 16:24:34.584,0.85106,0.85131,1.80,1.07
2014.10.06 16:24:34.635,0.85106,0.85131,1.87,1.10
2014.10.06 16:24:35.141,0.8511,0.85135,1.00,1.15
2014.10.06 16:24:36.281,0.85108,0.85133,1.17,1.15
2014.10.06 16:24:37.222,0.85108,0.85133,1.07,1.15
2014.10.06 16:24:37.323,0.85106,0.85131,1.10,1.15
2014.10.06 16:24:37.827,0.85106,0.85131,1.00,1.87
2014.10.06 16:24:38.460,0.85106,0.85131,1.10,1.15
2014.10.06 16:24:38.967,0.85106,0.85131,1.10,1.15
2014.10.06 16:24:39.565,0.85104,0.85128,1.67,1.37
2014.10.06 16:24:39.867,0.85101,0.85128,1.15,1.87
2014.10.06 16:24:42.275,0.85101,0.85128,1.07,1.87
2014.10.06 16:24:42.376,0.851,0.85125,1.00,1.15
2014.10.06 16:24:42.593,0.85102,0.85127,1.00,1.15
2014.10.06 16:24:42.745,0.851,0.85125,1.00,1.15
2014.10.06 16:24:43.292,0.85101,0.85128,1.00,1.87
2014.10.06 16:24:46.593,0.851,0.85125,1.00,1.15
2014.10.06 16:24:48.216,0.85098,0.85123,1.17,1.07
2014.10.06 16:24:48.468,0.85095,0.85119,1.00,1.15
2014.10.06 16:24:49.189,0.85098,0.85119,1.30,1.15
2014.10.06 16:24:49.290,0.85097,0.85121,1.12,1.17
2014.10.06 16:24:49.340,0.851,0.85125,1.07,1.15
2014.10.06 16:24:49.391,0.851,0.85125,1.65,1.15
2014.10.06 16:24:50.117,0.851,0.85125,1.57,1.15
2014.10.06 16:24:50.218,0.85097,0.85124,1.10,1.15
2014.10.06 16:24:50.319,0.85097,0.85124,1.07,1.15
2014.10.06 16:24:50.369,0.851,0.85124,1.10,1.07
2014.10.06 16:24:50.420,0.851,0.85124,1.07,1.00
2014.10.06 16:24:50.635,0.85102,0.85127,1.20,1.20
2014.10.06 16:24:51.047,0.85102,0.85127,1.10,1.17
2014.10.06 16:24:51.592,0.851,0.85125,1.65,1.15
2014.10.06 16:24:52.104,0.85102,0.85127,1.00,1.87
2014.10.06 16:24:52.639,0.851,0.85125,1.65,1.15
2014.10.06 16:24:53.678,0.851,0.85125,1.00,1.15
2014.10.06 16:24:54.063,0.85098,0.85123,1.00,1.15
2014.10.06 16:24:54.273,0.85093,0.85118,1.15,1.07
2014.10.06 16:24:54.575,0.85093,0.85118,1.00,1.15
2014.10.06 16:24:54.625,0.85091,0.85116,1.10,1.15
2014.10.06 16:24:54.777,0.85091,0.85116,1.07,1.07
2014.10.06 16:24:55.129,0.85091,0.85116,1.20,1.15
2014.10.06 16:24:55.583,0.85091,0.85116,1.10,1.87
2014.10.06 16:24:55.734,0.85085,0.85112,1.57,1.15
2014.10.06 16:24:55.986,0.85085,0.85112,1.00,4.05
2014.10.06 16:24:56.330,0.85082,0.85111,1.90,1.15
2014.10.06 16:24:57.369,0.85082,0.85111,1.30,1.15
2014.10.06 16:24:57.904,0.85081,0.8511,1.20,1.15
2014.10.06 16:24:58.434,0.85081,0.8511,1.17,1.15
2014.10.06 16:24:58.485,0.85081,0.8511,1.15,1.15
2014.10.06 16:24:58.586,0.8508,0.85108,1.15,1.15
2014.10.06 16:25:00.338,0.85084,0.8511,1.37,1.07
2014.10.06 16:25:00.388,0.85084,0.8511,1.45,1.00
2014.10.06 16:25:00.896,0.85085,0.85114,1.45,1.45
2014.10.06 16:25:01.830,0.85084,0.8511,1.15,1.30
2014.10.06 16:25:01.881,0.85084,0.8511,1.15,1.37
2014.10.06 16:25:01.932,0.85083,0.8511,1.50,1.87
2014.10.06 16:25:03.088,0.85079,0.85108,1.75,1.37
2014.10.06 16:25:03.638,0.85079,0.85109,2.47,1.45
2014.10.06 16:25:04.074,0.85083,0.8511,1.45,1.15
2014.10.06 16:25:04.998,0.85085,0.85113,1.07,1.45
2014.10.06 16:25:05.048,0.85085,0.85113,1.15,1.45
2014.10.06 16:25:05.391,0.85085,0.85109,1.07,1.37
2014.10.06 16:25:05.442,0.8508,0.85109,1.15,1.45
2014.10.06 16:25:05.492,0.8508,0.85107,1.15,1.65
2014.10.06 16:25:05.543,0.85078,0.85105,1.45,1.17
2014.10.06 16:25:05.594,0.85075,0.85103,1.15,1.37
2014.10.06 16:25:05.901,0.85075,0.85106,1.65,2.32
2014.10.06 16:25:06.003,0.85075,0.85107,3.07,3.07
2014.10.06 16:25:06.054,0.85075,0.85109,3.82,1.15
2014.10.06 16:25:06.205,0.85076,0.85105,1.45,1.12
2014.10.06 16:25:06.256,0.85075,0.85106,2.62,1.45
2014.10.06 16:25:06.307,0.85075,0.85104,2.62,2.32
2014.10.06 16:25:06.559,0.85076,0.85106,1.45,1.45
2014.10.06 16:25:06.660,0.85085,0.85107,1.00,1.45
2014.10.06 16:25:06.761,0.85085,0.85111,1.00,4.05
2014.10.06 16:25:07.114,0.85085,0.85111,1.10,1.45
2014.10.06 16:25:07.819,0.85082,0.85111,1.12,3.07
2014.10.06 16:25:07.870,0.85082,0.85111,1.05,3.07
2014.10.06 16:25:08.435,0.85081,0.85113,3.30,1.87
2014.10.06 16:25:08.743,0.85085,0.85115,1.15,1.87
2014.10.06 16:25:08.944,0.85088,0.85118,1.45,1.45
2014.10.06 16:25:09.520,0.85095,0.85119,1.00,1.15
2014.10.06 16:25:10.026,0.85094,0.85122,1.00,3.07
2014.10.06 16:25:10.573,0.85095,0.85121,1.00,1.45
2014.10.06 16:25:10.831,0.85093,0.85122,1.05,3.30
2014.10.06 16:25:12.548,0.85094,0.85121,1.30,1.15
2014.10.06 16:25:12.650,0.85094,0.85123,1.87,1.15
2014.10.06 16:25:12.952,0.851,0.85127,1.17,1.87
2014.10.06 16:25:13.657,0.851,0.85125,1.00,1.87
2014.10.06 16:25:13.808,0.85096,0.85123,1.50,1.45
2014.10.06 16:25:13.959,0.85099,0.85125,1.15,1.80
2014.10.06 16:25:14.362,0.851,0.85125,1.15,1.10
2014.10.06 16:25:14.463,0.851,0.85127,1.15,1.30
2014.10.06 16:25:14.774,0.851,0.85127,1.15,1.45
2014.10.06 16:25:15.901,0.85105,0.85129,1.00,1.15
2014.10.06 16:25:16.052,0.85105,0.85131,1.20,1.15
2014.10.06 16:25:16.462,0.851,0.85129,1.87,1.15
2014.10.06 16:25:16.764,0.85102,0.85132,1.45,1.87
2014.10.06 16:25:17.745,0.851,0.85129,4.05,1.07
2014.10.06 16:25:17.795,0.85101,0.85131,1.15,1.87
2014.10.06 16:25:19.807,0.85105,0.8513,1.00,1.45
2014.10.06 16:25:19.958,0.85105,0.8513,1.15,1.05
2014.10.06 16:25:20.059,0.85103,0.8513,1.07,1.45
2014.10.06 16:25:20.261,0.85103,0.85133,1.15,1.15
2014.10.06 16:25:25.381,0.85102,0.85134,1.15,4.05
2014.10.06 16:25:27.297,0.85103,0.85131,2.32,1.10
2014.10.06 16:25:27.398,0.85105,0.85135,3.07,1.17
2014.10.06 16:25:27.600,0.85107,0.85135,2.32,1.00
2014.10.06 16:25:27.700,0.85107,0.85137,3.07,1.10
2014.10.06 16:25:27.953,0.85106,0.85138,3.07,1.87
2014.10.06 16:25:28.255,0.85105,0.85131,2.32,1.00
2014.10.06 16:25:28.519,0.85101,0.85131,4.05,1.80
2014.10.06 16:25:29.394,0.85105,0.85133,1.45,1.10
2014.10.06 16:25:31.807,0.85104,0.85134,1.87,2.32
2014.10.06 16:25:36.292,0.85105,0.85129,1.15,1.00
2014.10.06 16:25:36.821,0.85104,0.8513,1.45,1.10
2014.10.06 16:25:37.164,0.85102,0.85127,1.87,1.00
2014.10.06 16:25:37.517,0.85108,0.85133,1.00,1.15
2014.10.06 16:25:37.901,0.85108,0.85131,1.00,1.12
2014.10.06 16:25:37.952,0.85104,0.85129,1.17,1.17
2014.10.06 16:25:38.053,0.85108,0.85133,1.00,1.15
2014.10.06 16:25:38.154,0.85107,0.85131,1.12,1.17
2014.10.06 16:25:39.015,0.85106,0.85131,1.15,1.00
2014.10.06 16:25:39.317,0.85106,0.85131,1.15,1.17
2014.10.06 16:25:46.249,0.8511,0.85131,1.10,1.00
2014.10.06 16:25:46.300,0.8511,0.85133,1.10,1.10
2014.10.06 16:25:46.401,0.85106,0.85131,1.87,1.00
2014.10.06 16:25:46.552,0.85108,0.85133,1.15,1.10
2014.10.06 16:25:46.653,0.85106,0.85131,1.87,1.00
2014.10.06 16:25:46.754,0.85108,0.85133,1.15,1.10
2014.10.06 16:25:51.403,0.8511,0.85135,1.07,1.07
2014.10.06 16:25:52.062,0.8511,0.85135,1.15,1.00
2014.10.06 16:25:54.216,0.8511,0.85135,4.05,1.00
2014.10.06 16:25:55.674,0.85112,0.85137,1.15,1.00
2014.10.06 16:25:56.082,0.85112,0.85137,3.07,1.00
2014.10.06 16:25:56.686,0.85115,0.85137,1.15,1.00
2014.10.06 16:25:57.331,0.85115,0.85137,1.17,1.00
2014.10.06 16:25:57.670,0.85112,0.85137,1.17,1.17
2014.10.06 16:25:57.771,0.85115,0.85134,1.00,1.00
2014.10.06 16:25:57.922,0.8511,0.85134,1.15,1.00
2014.10.06 16:25:58.023,0.85115,0.85135,1.00,1.00
2014.10.06 16:25:58.651,0.8511,0.85134,3.07,1.30
2014.10.06 16:25:58.834,0.8511,0.85134,1.15,1.30
2014.10.06 16:25:59.153,0.85104,0.85129,3.82,1.00
2014.10.06 16:25:59.368,0.85105,0.85129,1.07,1.10
2014.10.06 16:25:59.418,0.85107,0.85131,1.00,2.32
2014.10.06 16:25:59.519,0.851,0.85126,1.15,1.17
2014.10.06 16:25:59.721,0.851,0.85126,1.15,1.10
2014.10.06 16:26:00.623,0.85105,0.85127,1.10,1.00
2014.10.06 16:26:01.398,0.85105,0.85129,1.10,1.17
2014.10.06 16:26:02.280,0.85105,0.85127,1.10,1.00
2014.10.06 16:26:05.343,0.85104,0.85129,1.65,1.17
2014.10.06 16:26:08.452,0.85105,0.85129,1.17,1.07
2014.10.06 16:26:09.044,0.85105,0.85129,1.15,1.00
2014.10.06 16:26:13.669,0.85105,0.85129,1.07,1.07
2014.10.06 16:26:13.726,0.85105,0.85129,1.00,1.15
2014.10.06 16:26:14.293,0.85104,0.85129,1.00,1.15
2014.10.06 16:26:15.261,0.85102,0.85127,1.17,1.17
2014.10.06 16:26:16.249,0.85105,0.85127,1.00,1.17
2014.10.06 16:26:16.800,0.85102,0.85127,1.17,1.17
2014.10.06 16:26:19.927,0.85104,0.85127,1.00,1.17
2014.10.06 16:26:21.199,0.85102,0.85127,1.87,1.17
2014.10.06 16:26:22.922,0.85102,0.85127,1.07,1.87
2014.10.06 16:26:23.275,0.851,0.85125,1.65,1.15
2014.10.06 16:26:24.339,0.851,0.85125,1.57,1.15
2014.10.06 16:26:25.082,0.851,0.85125,1.50,1.15
2014.10.06 16:26:25.284,0.85097,0.8512,1.12,1.10
2014.10.06 16:26:28.166,0.851,0.85125,1.00,1.87
2014.10.06 16:26:28.216,0.851,0.85125,1.10,1.87
2014.10.06 16:26:38.185,0.85098,0.85123,1.07,1.17
2014.10.06 16:26:38.236,0.85098,0.85123,1.00,1.15
2014.10.06 16:26:38.387,0.85096,0.85121,1.20,1.15
2014.10.06 16:26:38.488,0.85094,0.85119,1.07,1.07
2014.10.06 16:26:38.539,0.85094,0.85119,1.10,1.15
2014.10.06 16:26:38.589,0.85096,0.85121,1.00,1.15
2014.10.06 16:26:38.691,0.85094,0.85119,1.10,1.15
2014.10.06 16:26:38.791,0.85094,0.85119,1.17,1.07
2014.10.06 16:26:38.842,0.85094,0.85119,1.15,1.10
2014.10.06 16:26:39.346,0.85098,0.85123,1.00,1.87
2014.10.06 16:26:40.965,0.85098,0.85123,1.07,1.07
2014.10.06 16:26:41.790,0.851,0.85125,1.00,1.15
2014.10.06 16:26:46.409,0.85098,0.85123,1.07,1.07
2014.10.06 16:26:47.283,0.85098,0.85123,1.15,1.00
2014.10.06 16:26:47.384,0.851,0.85125,1.15,1.10
2014.10.06 16:26:50.735,0.85104,0.85129,1.17,1.17
2014.10.06 16:26:51.037,0.8511,0.85132,1.50,1.12
2014.10.06 16:26:51.138,0.85106,0.85131,1.15,1.10
2014.10.06 16:26:53.515,0.85106,0.85131,1.00,1.15
2014.10.06 16:26:53.829,0.85106,0.85131,1.15,1.10
2014.10.06 16:26:55.465,0.85108,0.8513,1.17,1.30
2014.10.06 16:26:55.516,0.85104,0.85129,1.65,1.17
2014.10.06 16:26:57.713,0.85106,0.85131,1.00,1.15
2014.10.06 16:26:57.814,0.85106,0.85131,1.15,1.17
2014.10.06 16:27:00.532,0.85108,0.85131,1.00,1.45
2014.10.06 16:27:01.040,0.85106,0.85131,1.00,1.15
2014.10.06 16:27:01.141,0.85108,0.85133,1.00,4.05
2014.10.06 16:27:01.480,0.85105,0.85132,1.50,1.87
2014.10.06 16:27:01.984,0.85104,0.85129,1.10,1.15
2014.10.06 16:27:02.919,0.85102,0.85127,1.07,1.17
2014.10.06 16:27:02.970,0.85102,0.85127,1.10,1.87
2014.10.06 16:27:09.233,0.851,0.85122,1.65,1.30
2014.10.06 16:27:11.847,0.851,0.85121,1.65,1.30
2014.10.06 16:27:14.166,0.851,0.85125,1.65,1.17
2014.10.06 16:27:20.917,0.851,0.85125,1.07,1.87
2014.10.06 16:27:21.371,0.85097,0.85124,1.15,1.15
2014.10.06 16:27:24.548,0.85096,0.85121,1.15,1.00
2014.10.06 16:27:25.789,0.85098,0.85123,1.17,1.17
2014.10.06 16:27:29.632,0.85105,0.85125,1.00,1.17
2014.10.06 16:27:29.683,0.85105,0.85125,1.00,1.10
2014.10.06 16:27:29.838,0.851,0.85125,1.65,1.10
2014.10.06 16:27:30.387,0.85104,0.85125,1.00,1.10
2014.10.06 16:27:34.127,0.851,0.85125,1.15,1.10
2014.10.06 16:27:38.856,0.85105,0.85127,1.00,1.15
2014.10.06 16:27:40.851,0.85105,0.85127,1.10,1.10
2014.10.06 16:27:42.332,0.85104,0.85127,3.00,1.10
2014.10.06 16:27:42.383,0.85104,0.85129,3.75,1.00
2014.10.06 16:27:42.434,0.8511,0.85129,1.00,1.00
2014.10.06 16:27:42.484,0.8511,0.85131,1.10,1.00
2014.10.06 16:27:42.997,0.8511,0.85133,1.15,1.00
2014.10.06 16:27:43.207,0.85108,0.85132,1.15,1.30
2014.10.06 16:27:43.258,0.85105,0.85129,1.75,1.10
2014.10.06 16:27:43.308,0.85105,0.85129,1.75,1.10
2014.10.06 16:27:44.139,0.85105,0.85128,1.15,1.00
2014.10.06 16:27:46.994,0.85105,0.85127,1.15,1.00
2014.10.06 16:27:48.577,0.85101,0.85125,2.92,1.00
2014.10.06 16:27:48.678,0.85102,0.85127,1.15,1.00
2014.10.06 16:27:50.770,0.85102,0.85127,1.15,1.10
2014.10.06 16:27:50.871,0.85102,0.85127,1.15,1.20
2014.10.06 16:27:57.665,0.851,0.85125,3.22,1.00
2014.10.06 16:28:02.752,0.851,0.85125,1.57,1.17
2014.10.06 16:28:03.106,0.851,0.85125,2.62,1.07
2014.10.06 16:28:03.208,0.85107,0.8513,1.07,1.37
2014.10.06 16:28:03.308,0.85108,0.85133,1.17,1.17
2014.10.06 16:28:03.808,0.85108,0.85133,1.07,1.15
2014.10.06 16:28:03.959,0.85104,0.85129,1.15,1.10
2014.10.06 16:28:04.060,0.85102,0.85127,1.15,1.10
2014.10.06 16:28:04.111,0.85102,0.85127,1.15,1.10
2014.10.06 16:28:04.162,0.85104,0.85129,1.00,1.15
2014.10.06 16:28:04.414,0.85104,0.85129,1.17,1.87
2014.10.06 16:28:04.767,0.85104,0.85129,2.62,1.00
2014.10.06 16:28:05.090,0.85105,0.85128,1.15,1.00
2014.10.06 16:28:05.141,0.85105,0.85127,1.10,1.00
2014.10.06 16:28:05.242,0.85105,0.85127,1.00,1.17
2014.10.06 16:28:05.544,0.85109,0.8513,1.00,1.12
2014.10.06 16:28:05.645,0.85106,0.85131,1.17,1.87
2014.10.06 16:28:06.207,0.8511,0.85131,1.00,1.15
2014.10.06 16:28:06.570,0.8511,0.85134,1.10,1.87
2014.10.06 16:28:08.248,0.8511,0.85131,1.10,1.00
2014.10.06 16:28:08.796,0.8511,0.8513,1.00,1.05
2014.10.06 16:28:09.382,0.8511,0.85129,1.00,1.30
2014.10.06 16:28:10.417,0.85106,0.8513,1.07,1.05
2014.10.06 16:28:10.935,0.85105,0.85129,1.17,1.00
2014.10.06 16:28:11.320,0.85105,0.85129,1.07,1.07
2014.10.06 16:28:11.371,0.85105,0.85129,1.00,1.15
2014.10.06 16:28:11.596,0.8511,0.85128,1.00,1.45
2014.10.06 16:28:11.803,0.85105,0.85128,1.00,1.45
2014.10.06 16:28:12.607,0.85104,0.85128,1.00,1.45
2014.10.06 16:28:12.759,0.85104,0.85126,1.00,1.12
2014.10.06 16:28:12.970,0.85102,0.85126,1.00,1.45
2014.10.06 16:28:15.924,0.851,0.85125,1.17,1.15
2014.10.06 16:28:17.402,0.851,0.85125,1.10,1.15
2014.10.06 16:28:17.603,0.85096,0.85121,1.00,1.15
2014.10.06 16:28:18.487,0.85095,0.85118,1.00,1.15
2014.10.06 16:28:18.638,0.85093,0.85118,1.00,1.15
2014.10.06 16:28:21.079,0.85094,0.85118,1.00,1.15
2014.10.06 16:28:21.190,0.85094,0.85118,1.07,1.17
2014.10.06 16:28:21.693,0.85094,0.85118,1.15,1.10
2014.10.06 16:28:22.729,0.85095,0.85118,1.10,1.07
2014.10.06 16:28:22.830,0.85093,0.85118,1.10,1.15
2014.10.06 16:28:26.472,0.85093,0.85118,1.10,1.15
2014.10.06 16:28:26.623,0.85093,0.85118,1.10,1.87
2014.10.06 16:28:26.730,0.8509,0.85115,1.10,1.87
2014.10.06 16:28:27.032,0.85095,0.85117,1.00,1.17
2014.10.06 16:28:27.351,0.85095,0.85117,1.00,1.15
2014.10.06 16:28:27.602,0.85095,0.85117,1.72,1.17
2014.10.06 16:28:27.653,0.85092,0.85117,1.07,1.15
2014.10.06 16:28:27.955,0.8509,0.85115,1.50,1.15
2014.10.06 16:28:28.107,0.85095,0.85115,1.00,1.15
2014.10.06 16:28:28.208,0.85095,0.85117,1.00,1.15
2014.10.06 16:28:28.607,0.85095,0.85122,1.57,1.87
2014.10.06 16:28:28.708,0.85097,0.85122,1.00,1.15
2014.10.06 16:28:28.910,0.85095,0.85119,1.10,1.17
2014.10.06 16:28:29.556,0.85094,0.85119,1.57,1.15
2014.10.06 16:28:30.088,0.85094,0.85119,1.50,1.15
2014.10.06 16:28:30.189,0.85096,0.85121,1.10,1.15
2014.10.06 16:28:30.592,0.85098,0.85123,1.00,1.15
2014.10.06 16:28:31.120,0.85098,0.85123,1.07,1.15
2014.10.06 16:28:31.621,0.85098,0.85123,1.07,1.17
2014.10.06 16:28:32.137,0.851,0.85121,1.00,1.10
2014.10.06 16:28:33.451,0.85102,0.85127,1.00,3.07
2014.10.06 16:28:33.551,0.851,0.85125,1.50,1.15
2014.10.06 16:28:34.263,0.85099,0.85123,1.10,1.17
2014.10.06 16:28:34.817,0.851,0.85123,1.00,1.17
2014.10.06 16:28:35.927,0.85098,0.85123,1.07,1.17
2014.10.06 16:28:37.453,0.85098,0.85123,1.00,1.17
2014.10.06 16:28:37.503,0.85095,0.85122,1.57,1.15
2014.10.06 16:28:37.655,0.85097,0.8512,1.30,1.15
2014.10.06 16:28:37.806,0.85095,0.8512,1.00,1.15
2014.10.06 16:28:38.951,0.85096,0.85121,1.00,3.07
2014.10.06 16:28:39.354,0.85096,0.85121,1.80,1.15
2014.10.06 16:28:39.455,0.851,0.85121,1.00,1.15
2014.10.06 16:28:39.556,0.851,0.85121,1.00,1.00
2014.10.06 16:28:40.088,0.851,0.85123,1.07,1.07
2014.10.06 16:28:40.189,0.851,0.85125,1.65,1.00
2014.10.06 16:28:40.658,0.85105,0.85125,1.00,1.00
2014.10.06 16:28:40.964,0.85102,0.85127,1.00,1.15
