2014.08.04 20:00:00.477,0.87414,0.87436,1.65,1.00
2014.08.04 20:00:00.994,0.87414,0.87435,1.65,1.00
2014.08.04 20:00:01.132,0.87414,0.87439,1.65,1.00
2014.08.04 20:00:01.336,0.87414,0.87435,1.65,1.00
2014.08.04 20:00:02.352,0.87414,0.87439,1.65,1.00
2014.08.04 20:00:03.313,0.87418,0.8744,1.00,1.10
2014.08.04 20:00:03.364,0.87418,0.87435,1.00,1.00
2014.08.04 20:00:03.867,0.87412,0.87435,1.15,1.00
2014.08.04 20:00:04.264,0.87412,0.87435,1.15,1.00
2014.08.04 20:00:04.315,0.87412,0.8743,1.15,1.00
2014.08.04 20:00:04.517,0.87412,0.8743,1.00,1.00
2014.08.04 20:00:04.718,0.87408,0.8743,1.80,1.10
2014.08.04 20:00:05.787,0.87408,0.8743,1.30,1.10
2014.08.04 20:00:08.242,0.87407,0.87429,1.40,1.00
2014.08.04 20:00:11.544,0.87408,0.8743,1.30,1.10
2014.08.04 20:00:19.274,0.87405,0.87429,2.55,1.00
2014.08.04 20:00:36.182,0.87408,0.87431,1.30,1.00
2014.08.04 20:00:36.898,0.87405,0.8743,1.45,1.00
2014.08.04 20:00:38.276,0.87405,0.8743,1.38,1.08
2014.08.04 20:00:38.327,0.87405,0.8743,1.08,1.58
2014.08.04 20:00:38.378,0.87403,0.8743,1.15,1.65
2014.08.04 20:00:43.053,0.87403,0.87429,1.08,1.18
2014.08.04 20:00:43.556,0.87403,0.87429,1.10,1.15
2014.08.04 20:00:48.919,0.87401,0.87426,1.05,1.65
2014.08.04 20:00:49.734,0.87404,0.87428,1.18,1.30
2014.08.04 20:00:50.495,0.87404,0.87426,1.18,1.20
2014.08.04 20:00:51.045,0.87404,0.87427,1.18,1.20
2014.08.04 20:00:52.182,0.87404,0.87428,1.18,1.30
2014.08.04 20:00:52.695,0.87404,0.87427,1.18,1.20
2014.08.04 20:00:58.968,0.87404,0.87428,1.18,1.30
2014.08.04 20:01:00.181,0.87404,0.87426,1.65,1.20
2014.08.04 20:01:01.165,0.87404,0.87428,1.65,1.30
2014.08.04 20:01:16.859,0.87404,0.87428,1.00,1.35
2014.08.04 20:01:17.486,0.87404,0.87424,1.00,1.20
2014.08.04 20:01:21.281,0.87402,0.87424,1.18,1.20
2014.08.04 20:01:23.528,0.87402,0.87425,1.18,1.73
2014.08.04 20:01:36.894,0.87402,0.87425,1.10,1.80
2014.08.04 20:01:57.035,0.87404,0.87425,1.10,1.00
2014.08.04 20:01:57.538,0.87404,0.87427,1.10,1.38
2014.08.04 20:02:07.863,0.87402,0.87425,1.15,1.00
2014.08.04 20:02:15.470,0.87401,0.87425,1.13,1.73
2014.08.04 20:02:15.521,0.87401,0.87425,1.13,1.80
2014.08.04 20:02:27.208,0.87401,0.87425,1.13,1.80
2014.08.04 20:02:27.900,0.87401,0.87425,1.05,1.80
2014.08.04 20:02:47.802,0.87401,0.87425,1.05,1.80
2014.08.04 20:02:54.729,0.87401,0.87425,1.13,1.18
2014.08.04 20:02:54.830,0.87404,0.87427,1.00,1.35
2014.08.04 20:03:14.871,0.87404,0.87426,1.10,1.00
2014.08.04 20:03:16.032,0.87404,0.87429,1.10,1.15
2014.08.04 20:03:16.623,0.87404,0.87425,1.58,1.00
2014.08.04 20:03:24.922,0.87404,0.87425,1.18,1.00
2014.08.04 20:03:25.261,0.8741,0.87425,1.00,1.00
2014.08.04 20:03:25.822,0.8741,0.8743,1.00,1.00
2014.08.04 20:03:26.086,0.8741,0.87425,1.00,1.00
2014.08.04 20:03:26.592,0.8741,0.8743,1.00,1.00
2014.08.04 20:03:26.812,0.8741,0.87425,1.00,1.00
2014.08.04 20:03:27.160,0.8741,0.8743,1.00,1.00
2014.08.04 20:03:27.582,0.8741,0.87425,1.00,1.00
2014.08.04 20:03:27.955,0.8741,0.8743,1.00,1.00
2014.08.04 20:03:28.572,0.8741,0.87425,1.00,1.00
2014.08.04 20:03:28.792,0.8741,0.8743,1.00,1.00
2014.08.04 20:03:29.781,0.8741,0.87425,1.00,1.00
2014.08.04 20:03:30.156,0.87407,0.8743,1.15,1.00
2014.08.04 20:03:30.308,0.8741,0.8743,1.08,1.00
2014.08.04 20:03:30.612,0.87414,0.8743,1.00,1.00
2014.08.04 20:03:31.163,0.87414,0.87431,1.00,1.00
2014.08.04 20:03:31.785,0.87411,0.87431,1.18,1.00
2014.08.04 20:03:31.886,0.87415,0.87431,1.00,1.00
2014.08.04 20:03:32.531,0.87415,0.87435,1.00,1.10
2014.08.04 20:03:32.649,0.87411,0.87435,1.18,1.10
2014.08.04 20:03:32.862,0.87411,0.8743,1.18,1.00
2014.08.04 20:03:41.865,0.87411,0.8743,1.15,1.00
2014.08.04 20:03:43.991,0.87414,0.8743,1.00,1.00
2014.08.04 20:03:51.558,0.87416,0.8743,1.00,1.00
2014.08.04 20:03:53.321,0.87411,0.8743,1.15,1.00
2014.08.04 20:03:53.372,0.87411,0.87435,1.08,1.73
2014.08.04 20:03:53.523,0.87407,0.87432,1.15,1.10
2014.08.04 20:03:53.711,0.87411,0.8743,1.00,1.00
2014.08.04 20:03:54.215,0.87411,0.87431,1.00,1.00
2014.08.04 20:03:54.763,0.87408,0.87431,1.15,1.00
2014.08.04 20:03:55.303,0.87408,0.87429,1.15,1.20
2014.08.04 20:03:55.611,0.87408,0.87431,1.15,1.00
2014.08.04 20:04:05.958,0.87408,0.8743,1.15,1.20
2014.08.04 20:04:06.222,0.87408,0.87425,1.15,1.00
2014.08.04 20:04:13.820,0.87408,0.87425,1.10,1.00
2014.08.04 20:04:19.833,0.87408,0.8743,1.10,1.00
2014.08.04 20:04:34.815,0.87408,0.8743,1.00,1.18
2014.08.04 20:04:54.598,0.87402,0.8743,1.15,1.18
2014.08.04 20:05:09.019,0.87408,0.8743,1.00,1.18
2014.08.04 20:05:15.706,0.87408,0.8743,1.00,1.20
2014.08.04 20:06:09.230,0.87403,0.8743,1.15,1.10
2014.08.04 20:06:15.836,0.874,0.8743,1.43,1.00
2014.08.04 20:06:18.720,0.874,0.8743,1.50,1.10
2014.08.04 20:06:19.241,0.874,0.8743,3.75,1.18
2014.08.04 20:06:51.424,0.874,0.87425,3.00,1.00
2014.08.04 20:06:51.677,0.874,0.8743,3.75,1.18
2014.08.04 20:06:52.069,0.874,0.87426,3.00,1.00
2014.08.04 20:06:59.842,0.87401,0.87426,2.33,1.00
2014.08.04 20:07:05.708,0.87401,0.8743,2.33,1.10
2014.08.04 20:07:09.232,0.87408,0.8743,1.00,1.10
2014.08.04 20:07:09.558,0.87408,0.87425,1.00,1.00
2014.08.04 20:07:09.999,0.87408,0.8743,1.00,1.10
2014.08.04 20:07:15.398,0.8741,0.8743,1.00,1.10
2014.08.04 20:07:15.505,0.87408,0.8743,1.00,1.10
2014.08.04 20:07:31.903,0.8741,0.8743,1.00,1.00
2014.08.04 20:07:32.004,0.87408,0.8743,1.10,1.00
2014.08.04 20:07:41.820,0.87408,0.8743,1.18,1.00
2014.08.04 20:08:26.536,0.8741,0.8743,1.00,1.00
2014.08.04 20:09:26.723,0.874,0.8743,2.70,1.00
2014.08.04 20:09:44.603,0.87403,0.8743,1.00,1.00
2014.08.04 20:09:44.765,0.87405,0.87435,1.00,1.00
2014.08.04 20:09:46.778,0.87405,0.87435,3.00,1.08
2014.08.04 20:09:47.845,0.87405,0.8743,2.33,1.00
2014.08.04 20:09:48.065,0.87405,0.87435,3.08,1.15
2014.08.04 20:09:49.825,0.87405,0.8743,2.33,1.00
2014.08.04 20:09:50.155,0.87405,0.87435,3.08,1.15
2014.08.04 20:09:50.925,0.87406,0.8743,1.15,1.00
2014.08.04 20:10:04.394,0.87406,0.87435,1.15,1.15
2014.08.04 20:10:06.795,0.87408,0.87435,1.15,1.08
2014.08.04 20:10:19.418,0.87407,0.8743,1.15,1.00
2014.08.04 20:10:22.069,0.87408,0.87435,1.15,1.08
2014.08.04 20:10:26.780,0.87408,0.87435,1.15,1.10
2014.08.04 20:10:31.407,0.87408,0.8743,1.15,1.00
2014.08.04 20:10:31.768,0.87408,0.87435,1.15,1.10
2014.08.04 20:10:47.835,0.87408,0.87435,1.15,1.18
2014.08.04 20:11:06.220,0.87408,0.87435,1.18,1.18
2014.08.04 20:11:06.271,0.87408,0.87435,1.20,1.15
2014.08.04 20:11:26.785,0.87408,0.87434,1.18,1.35
2014.08.04 20:11:27.303,0.87408,0.87434,1.15,1.38
2014.08.04 20:12:07.606,0.87407,0.8743,1.15,1.00
2014.08.04 20:12:08.175,0.87407,0.87431,1.15,1.00
2014.08.04 20:12:08.362,0.87408,0.87435,1.15,1.15
2014.08.04 20:12:27.097,0.87408,0.87435,1.00,1.00
2014.08.04 20:12:28.729,0.87408,0.87435,1.08,1.08
2014.08.04 20:12:31.617,0.87414,0.87435,1.00,1.18
2014.08.04 20:12:32.135,0.87414,0.87435,1.20,1.00
2014.08.04 20:12:32.709,0.87414,0.87436,1.20,1.00
2014.08.04 20:12:33.217,0.87414,0.87435,1.20,1.00
2014.08.04 20:12:33.324,0.87414,0.87439,1.20,1.80
2014.08.04 20:12:33.576,0.87414,0.87435,1.20,1.00
2014.08.04 20:12:51.603,0.87414,0.8743,1.20,1.00
2014.08.04 20:12:51.905,0.87411,0.8743,1.18,1.00
2014.08.04 20:13:08.303,0.87411,0.87434,1.18,1.30
2014.08.04 20:13:10.834,0.87411,0.8743,1.18,1.00
2014.08.04 20:13:13.819,0.87411,0.87436,1.18,1.65
2014.08.04 20:13:17.690,0.87411,0.8743,1.18,1.00
2014.08.04 20:13:17.764,0.87411,0.87435,1.18,1.18
2014.08.04 20:13:18.093,0.87411,0.8743,1.18,1.00
2014.08.04 20:13:19.854,0.87411,0.87435,1.18,1.18
2014.08.04 20:13:22.494,0.87411,0.8743,1.18,1.00
2014.08.04 20:13:28.133,0.87411,0.87435,1.18,1.18
2014.08.04 20:13:28.695,0.87411,0.8743,1.18,1.00
2014.08.04 20:13:28.897,0.87411,0.87435,1.18,1.18
2014.08.04 20:13:37.141,0.87411,0.8743,1.18,1.00
2014.08.04 20:13:37.563,0.87411,0.87435,1.18,1.18
2014.08.04 20:13:38.586,0.87411,0.8743,1.18,1.00
2014.08.04 20:13:39.323,0.87411,0.87435,1.18,1.18
2014.08.04 20:13:40.110,0.87411,0.8743,1.18,1.00
2014.08.04 20:13:47.176,0.87411,0.87435,1.18,1.18
2014.08.04 20:13:47.372,0.87411,0.8743,1.18,1.00
2014.08.04 20:13:47.587,0.87411,0.87435,1.18,1.18
2014.08.04 20:13:47.903,0.87411,0.8743,1.18,1.00
2014.08.04 20:13:48.612,0.87411,0.87435,1.18,1.18
2014.08.04 20:13:51.942,0.87407,0.87435,1.00,1.00
2014.08.04 20:13:52.802,0.87408,0.87435,1.00,1.00
2014.08.04 20:13:52.903,0.87408,0.87435,1.15,1.15
2014.08.04 20:13:53.207,0.87407,0.8743,1.15,1.00
2014.08.04 20:13:53.459,0.87408,0.8743,1.15,1.00
2014.08.04 20:13:53.868,0.87407,0.8743,3.08,1.00
2014.08.04 20:13:54.434,0.87407,0.87435,3.08,1.10
2014.08.04 20:13:54.636,0.87407,0.8743,3.08,1.00
2014.08.04 20:13:55.401,0.87407,0.87435,3.08,1.10
2014.08.04 20:13:55.612,0.87407,0.8743,3.08,1.00
2014.08.04 20:13:56.613,0.87407,0.87435,3.08,1.10
2014.08.04 20:13:59.343,0.87407,0.87431,3.08,1.00
2014.08.04 20:14:07.373,0.87407,0.87435,3.08,1.10
2014.08.04 20:14:10.806,0.87407,0.8743,3.08,1.00
2014.08.04 20:14:12.457,0.87407,0.8743,1.15,1.00
2014.08.04 20:14:12.674,0.87407,0.8743,3.08,1.00
2014.08.04 20:14:14.305,0.87407,0.8743,1.15,1.00
2014.08.04 20:14:14.911,0.87408,0.8743,1.15,1.00
2014.08.04 20:14:15.447,0.87408,0.8743,1.15,1.00
2014.08.04 20:14:23.695,0.87408,0.87435,1.15,1.10
2014.08.04 20:14:30.274,0.87408,0.8743,1.15,1.00
2014.08.04 20:14:35.757,0.87408,0.8743,1.15,1.00
2014.08.04 20:14:47.525,0.87407,0.8743,1.15,1.00
2014.08.04 20:14:51.553,0.87411,0.8743,1.00,1.00
2014.08.04 20:14:51.905,0.87406,0.8743,1.15,1.00
2014.08.04 20:14:53.692,0.87406,0.87425,1.15,1.00
2014.08.04 20:14:56.757,0.87406,0.87425,1.15,1.00
2014.08.04 20:14:57.280,0.87406,0.87425,1.18,1.00
2014.08.04 20:14:58.983,0.87406,0.87425,1.10,1.00
2014.08.04 20:14:59.134,0.87403,0.87425,1.18,1.00
2014.08.04 20:14:59.184,0.87403,0.87425,1.18,1.00
2014.08.04 20:15:01.382,0.87404,0.87429,1.15,1.10
2014.08.04 20:15:01.639,0.87404,0.87425,1.15,1.00
2014.08.04 20:15:05.325,0.87404,0.87425,1.00,1.10
2014.08.04 20:15:05.426,0.87404,0.87425,1.08,1.00
2014.08.04 20:15:09.086,0.87404,0.87429,1.15,1.18
2014.08.04 20:15:09.415,0.87404,0.87425,1.15,1.00
2014.08.04 20:15:10.210,0.87404,0.87426,1.15,1.00
2014.08.04 20:15:12.428,0.87404,0.87425,1.15,1.00
2014.08.04 20:15:15.688,0.87404,0.87429,1.15,1.18
2014.08.04 20:15:15.795,0.87404,0.87425,1.15,1.00
2014.08.04 20:15:25.859,0.87404,0.87425,1.15,1.00
2014.08.04 20:15:39.116,0.87405,0.8743,1.15,1.18
2014.08.04 20:15:39.885,0.87405,0.87425,1.15,1.00
2014.08.04 20:15:41.645,0.87405,0.8743,1.15,1.65
2014.08.04 20:15:41.865,0.87405,0.87425,1.15,1.00
2014.08.04 20:15:52.644,0.87405,0.8743,1.15,1.65
2014.08.04 20:15:52.864,0.87405,0.87425,1.15,1.00
2014.08.04 20:16:02.067,0.87408,0.87425,1.00,1.00
2014.08.04 20:16:02.635,0.87404,0.87425,1.15,1.00
2014.08.04 20:16:06.636,0.87404,0.8743,1.15,1.18
2014.08.04 20:16:07.055,0.87404,0.87426,1.15,1.00
2014.08.04 20:16:08.594,0.87404,0.8743,1.15,1.00
2014.08.04 20:17:09.621,0.87403,0.8743,1.00,1.00
2014.08.04 20:17:09.863,0.87403,0.8743,1.08,1.00
2014.08.04 20:17:10.431,0.87401,0.8743,2.33,1.10
2014.08.04 20:17:38.462,0.8741,0.87431,1.00,1.18
2014.08.04 20:17:45.785,0.87407,0.8743,1.10,1.10
2014.08.04 20:17:48.267,0.87407,0.87425,1.10,1.00
2014.08.04 20:17:51.238,0.87407,0.87426,1.10,1.00
2014.08.04 20:17:59.913,0.87407,0.8743,1.10,1.18
2014.08.04 20:18:00.150,0.87407,0.87425,1.10,1.00
2014.08.04 20:18:03.703,0.87407,0.8743,1.10,1.18
2014.08.04 20:18:04.642,0.87407,0.87425,1.10,1.00
2014.08.04 20:18:04.862,0.87407,0.8743,1.10,1.18
2014.08.04 20:18:05.632,0.87407,0.87425,1.10,1.00
2014.08.04 20:18:11.767,0.87407,0.87425,1.08,1.00
2014.08.04 20:18:37.680,0.87405,0.8743,1.15,1.58
2014.08.04 20:18:37.881,0.87405,0.87426,1.15,1.00
2014.08.04 20:18:38.631,0.87405,0.87425,1.15,1.00
2014.08.04 20:18:48.506,0.87405,0.87425,1.00,1.00
2014.08.04 20:18:55.481,0.87405,0.87425,1.08,1.00
2014.08.04 20:18:55.703,0.87408,0.87425,1.00,1.00
2014.08.04 20:18:57.514,0.87405,0.87425,1.15,1.00
2014.08.04 20:19:04.912,0.87408,0.87425,1.00,1.00
2014.08.04 20:19:07.121,0.87408,0.8743,1.00,1.18
2014.08.04 20:19:07.341,0.87408,0.87425,1.00,1.00
2014.08.04 20:19:07.561,0.87408,0.8743,1.00,1.18
2014.08.04 20:19:09.680,0.87408,0.87426,1.00,1.00
2014.08.04 20:19:09.871,0.87408,0.8743,1.00,1.18
2014.08.04 20:19:11.411,0.87408,0.87425,1.00,1.00
2014.08.04 20:19:11.631,0.87408,0.8743,1.00,1.18
2014.08.04 20:19:13.126,0.87408,0.87425,1.00,1.00
2014.08.04 20:19:14.369,0.87405,0.87425,1.00,1.00
2014.08.04 20:19:22.242,0.87405,0.87425,1.08,1.00
2014.08.04 20:19:24.279,0.87405,0.87425,1.10,1.00
2014.08.04 20:19:34.595,0.87405,0.87425,1.08,1.00
2014.08.04 20:19:51.315,0.87405,0.87425,1.00,1.10
2014.08.04 20:20:06.937,0.87402,0.87425,1.18,1.10
2014.08.04 20:20:11.835,0.87402,0.87425,1.18,1.00
2014.08.04 20:20:21.078,0.87402,0.87426,1.15,1.10
2014.08.04 20:20:24.598,0.87402,0.87425,1.15,1.00
2014.08.04 20:20:27.264,0.87406,0.87425,1.00,1.00
2014.08.04 20:20:31.102,0.87406,0.8743,1.10,1.18
2014.08.04 20:20:31.239,0.87406,0.87425,1.10,1.00
2014.08.04 20:20:47.807,0.87403,0.87426,1.15,1.00
2014.08.04 20:20:48.613,0.87403,0.87425,1.15,1.00
2014.08.04 20:20:51.776,0.87403,0.87425,1.15,1.00
2014.08.04 20:20:59.531,0.87406,0.87425,1.00,1.00
2014.08.04 20:21:53.770,0.87406,0.87425,1.08,1.00
2014.08.04 20:21:59.306,0.87406,0.8743,1.18,1.18
2014.08.04 20:22:09.096,0.87404,0.8743,1.15,1.00
2014.08.04 20:22:24.312,0.87404,0.87425,1.15,1.00
2014.08.04 20:22:24.417,0.87404,0.8743,1.15,1.00
2014.08.04 20:22:25.155,0.87404,0.87425,1.15,1.00
2014.08.04 20:22:29.781,0.87404,0.87425,1.15,1.00
2014.08.04 20:22:34.419,0.87404,0.8743,1.15,1.00
2014.08.04 20:23:16.084,0.87404,0.87425,1.15,1.00
2014.08.04 20:23:16.304,0.87404,0.8743,1.15,1.00
2014.08.04 20:23:20.374,0.87404,0.87425,1.15,1.00
2014.08.04 20:23:20.595,0.87404,0.8743,1.15,1.00
2014.08.04 20:23:20.814,0.87404,0.87425,1.15,1.00
2014.08.04 20:23:29.173,0.87404,0.87431,1.15,1.10
2014.08.04 20:23:29.979,0.87404,0.87431,1.00,1.00
2014.08.04 20:23:33.793,0.87404,0.87425,1.00,1.00
2014.08.04 20:23:36.818,0.87407,0.87425,1.00,1.00
2014.08.04 20:23:38.084,0.87407,0.8743,1.00,1.00
2014.08.04 20:23:38.654,0.87407,0.87425,1.00,1.00
2014.08.04 20:23:48.203,0.87407,0.8743,1.00,1.00
2014.08.04 20:23:49.127,0.87407,0.87425,1.00,1.00
2014.08.04 20:23:49.633,0.87407,0.87431,1.00,1.00
2014.08.04 20:23:53.849,0.87407,0.87431,1.08,1.00
2014.08.04 20:23:58.779,0.87407,0.87426,1.15,1.00
2014.08.04 20:23:59.355,0.87407,0.87425,1.15,1.00
2014.08.04 20:24:13.705,0.87407,0.87425,1.15,1.00
2014.08.04 20:24:19.595,0.87407,0.87426,1.18,1.00
2014.08.04 20:24:21.204,0.87407,0.87425,1.18,1.00
2014.08.04 20:24:41.609,0.87403,0.87425,1.15,1.00
2014.08.04 20:24:41.710,0.87402,0.87425,1.15,1.00
2014.08.04 20:25:22.730,0.87404,0.87425,1.15,1.00
2014.08.04 20:25:38.639,0.87404,0.87425,1.15,1.00
2014.08.04 20:25:39.412,0.87408,0.87425,1.15,1.00
2014.08.04 20:25:45.903,0.87408,0.87426,1.15,1.00
2014.08.04 20:25:46.563,0.87408,0.8743,1.15,1.00
2014.08.04 20:25:46.826,0.87408,0.87425,1.15,1.00
2014.08.04 20:25:48.323,0.87408,0.8743,1.15,1.00
2014.08.04 20:25:48.672,0.87408,0.87425,1.15,1.00
2014.08.04 20:26:20.824,0.87408,0.87425,1.08,1.00
2014.08.04 20:26:20.925,0.87404,0.87425,1.65,1.00
2014.08.04 20:26:21.485,0.87404,0.87425,1.10,1.00
2014.08.04 20:26:21.586,0.87404,0.8742,1.10,1.00
2014.08.04 20:26:37.492,0.87401,0.87425,1.15,1.00
2014.08.04 20:26:41.809,0.87401,0.87425,1.15,1.00
2014.08.04 20:26:55.129,0.87401,0.8742,1.15,1.00
2014.08.04 20:26:56.301,0.87401,0.87425,1.15,1.00
2014.08.04 20:27:02.774,0.87401,0.87425,1.15,1.00
2014.08.04 20:27:04.904,0.87401,0.87426,1.65,1.50
2014.08.04 20:27:05.436,0.87404,0.87425,1.20,1.00
2014.08.04 20:28:02.189,0.87404,0.87425,1.08,1.10
2014.08.04 20:28:02.759,0.87404,0.87425,1.15,1.00
2014.08.04 20:28:04.877,0.87404,0.87429,1.15,1.10
2014.08.04 20:28:05.998,0.87408,0.8743,1.00,1.18
2014.08.04 20:28:06.707,0.8741,0.8743,2.25,1.10
2014.08.04 20:28:06.859,0.87418,0.87436,1.00,1.00
2014.08.04 20:28:07.381,0.87418,0.87435,1.00,1.00
2014.08.04 20:29:07.078,0.87415,0.87435,1.15,1.00
2014.08.04 20:29:12.092,0.87413,0.8743,1.15,1.00
2014.08.04 20:29:22.462,0.87415,0.87431,1.15,1.00
2014.08.04 20:29:22.966,0.87415,0.8743,1.15,1.00
2014.08.04 20:29:28.837,0.87415,0.8743,1.18,1.00
2014.08.04 20:29:49.782,0.87415,0.8743,1.15,1.00
2014.08.04 20:29:50.390,0.87415,0.8743,1.15,1.00
2014.08.04 20:29:50.920,0.87415,0.87431,1.08,1.00
2014.08.04 20:29:50.971,0.87415,0.87431,1.00,1.00
2014.08.04 20:29:51.072,0.87412,0.87431,1.18,1.00
2014.08.04 20:29:51.223,0.87415,0.8743,1.00,1.00
2014.08.04 20:29:51.735,0.87415,0.8743,1.08,1.00
2014.08.04 20:29:58.362,0.87418,0.8743,1.00,1.00
2014.08.04 20:30:00.357,0.87418,0.87435,1.00,1.65
2014.08.04 20:30:01.078,0.87416,0.87435,1.10,1.65
2014.08.04 20:30:01.340,0.87416,0.8743,1.10,1.00
2014.08.04 20:30:01.560,0.87416,0.87435,1.10,1.00
2014.08.04 20:30:01.906,0.87416,0.8743,1.10,1.00
2014.08.04 20:30:02.109,0.87416,0.87435,1.10,1.00
2014.08.04 20:30:02.358,0.87416,0.8743,1.10,1.00
2014.08.04 20:30:02.879,0.87416,0.87435,1.10,1.00
2014.08.04 20:30:03.100,0.87416,0.8743,1.10,1.00
2014.08.04 20:30:05.635,0.87416,0.87435,1.10,1.00
2014.08.04 20:30:09.809,0.87413,0.8743,1.15,1.00
2014.08.04 20:30:11.838,0.87413,0.8743,1.15,1.00
2014.08.04 20:30:15.311,0.87413,0.87435,1.15,1.00
2014.08.04 20:30:17.841,0.87413,0.8743,1.15,1.00
2014.08.04 20:30:18.076,0.87413,0.87435,1.15,1.00
2014.08.04 20:30:18.389,0.87413,0.8743,1.15,1.00
2014.08.04 20:30:18.832,0.87413,0.87435,1.15,1.00
2014.08.04 20:30:19.186,0.87412,0.8743,1.15,1.00
2014.08.04 20:30:19.287,0.87412,0.8743,1.15,1.00
2014.08.04 20:30:19.388,0.87411,0.87435,1.10,1.15
2014.08.04 20:30:21.609,0.87408,0.8743,1.15,1.00
2014.08.04 20:30:21.820,0.87407,0.87436,1.15,1.65
2014.08.04 20:30:22.099,0.87408,0.87436,1.15,1.18
2014.08.04 20:30:22.150,0.87408,0.87436,1.15,1.10
2014.08.04 20:30:22.383,0.87408,0.8743,1.65,1.00
2014.08.04 20:30:37.419,0.87409,0.87435,1.15,1.00
2014.08.04 20:30:40.619,0.87409,0.8743,1.15,1.00
2014.08.04 20:30:42.851,0.87409,0.8743,1.15,1.00
2014.08.04 20:30:54.039,0.87409,0.87435,1.15,1.10
2014.08.04 20:30:54.359,0.87409,0.8743,1.15,1.00
2014.08.04 20:31:12.739,0.87409,0.8743,1.18,1.00
2014.08.04 20:31:13.091,0.87408,0.87435,1.15,1.15
2014.08.04 20:31:13.292,0.87408,0.87435,1.00,3.08
2014.08.04 20:31:19.550,0.87405,0.8743,1.45,1.18
2014.08.04 20:31:20.210,0.87408,0.8743,1.00,1.18
2014.08.04 20:31:20.717,0.87405,0.8743,1.45,1.18
2014.08.04 20:31:21.507,0.87408,0.8743,1.00,1.18
2014.08.04 20:31:23.921,0.87405,0.8743,1.45,1.18
2014.08.04 20:31:25.040,0.87408,0.8743,1.00,1.18
2014.08.04 20:31:27.135,0.87405,0.8743,1.45,1.18
2014.08.04 20:31:28.112,0.87408,0.8743,1.00,1.18
2014.08.04 20:31:45.295,0.87408,0.87431,1.18,1.00
2014.08.04 20:31:54.531,0.87408,0.8743,1.18,1.00
2014.08.04 20:31:58.818,0.87404,0.87431,2.85,1.00
2014.08.04 20:31:59.499,0.87404,0.8743,2.85,1.00
2014.08.04 20:32:08.167,0.87404,0.87435,2.85,1.15
2014.08.04 20:32:08.424,0.87404,0.8743,2.85,1.00
2014.08.04 20:32:08.948,0.87404,0.8743,1.95,1.18
2014.08.04 20:32:29.763,0.87404,0.8743,1.95,1.18
2014.08.04 20:32:35.918,0.87406,0.8743,1.20,1.10
2014.08.04 20:32:38.218,0.87408,0.87436,1.58,1.15
2014.08.04 20:32:38.272,0.87408,0.87436,1.65,1.15
2014.08.04 20:32:38.756,0.87408,0.87435,4.73,1.10
2014.08.04 20:32:42.076,0.87408,0.87436,4.73,1.10
2014.08.04 20:32:42.763,0.87408,0.87435,4.73,1.00
2014.08.04 20:32:44.137,0.87408,0.8743,3.83,1.00
2014.08.04 20:32:44.389,0.87408,0.87435,4.73,1.00
2014.08.04 20:32:58.806,0.87408,0.87435,2.55,1.10
2014.08.04 20:33:00.219,0.8741,0.8743,1.15,1.00
2014.08.04 20:33:01.437,0.8741,0.8743,1.18,1.00
2014.08.04 20:33:01.488,0.8741,0.8743,1.10,1.00
2014.08.04 20:33:01.639,0.87408,0.87435,1.35,1.15
2014.08.04 20:33:21.775,0.8741,0.87435,1.08,1.18
2014.08.04 20:33:22.326,0.8741,0.87435,1.15,1.10
2014.08.04 20:34:29.325,0.87412,0.87435,1.00,1.08
2014.08.04 20:34:29.376,0.87408,0.87435,1.80,1.15
2014.08.04 20:34:29.628,0.87412,0.87435,1.00,1.15
2014.08.04 20:34:29.728,0.87408,0.87435,1.80,1.15
2014.08.04 20:34:30.510,0.87412,0.87435,1.00,1.15
2014.08.04 20:34:32.235,0.87408,0.87435,1.15,1.15
2014.08.04 20:34:49.809,0.87408,0.87435,1.65,1.18
2014.08.04 20:35:07.307,0.87409,0.87435,1.15,1.00
2014.08.04 20:35:07.653,0.87414,0.8744,1.35,1.20
2014.08.04 20:35:13.546,0.87414,0.87435,1.15,1.00
2014.08.04 20:35:21.875,0.87414,0.8744,1.15,1.20
2014.08.04 20:35:23.756,0.87414,0.8744,3.08,1.00
2014.08.04 20:35:36.877,0.87415,0.87441,1.65,1.00
2014.08.04 20:35:38.044,0.87415,0.8744,1.65,1.00
2014.08.04 20:35:46.635,0.87417,0.87441,1.15,1.00
2014.08.04 20:35:47.311,0.87417,0.8744,1.15,1.00
2014.08.04 20:35:55.709,0.87417,0.8744,1.10,1.08
2014.08.04 20:35:56.012,0.87416,0.87435,1.08,1.00
2014.08.04 20:36:00.704,0.87416,0.8744,1.08,1.08
2014.08.04 20:36:13.819,0.87415,0.8744,1.80,1.00
2014.08.04 20:36:14.431,0.87416,0.87441,1.80,1.00
2014.08.04 20:36:15.568,0.87416,0.8744,1.80,1.00
2014.08.04 20:36:15.984,0.87416,0.87444,1.80,1.15
2014.08.04 20:36:16.613,0.87417,0.87441,1.15,1.00
2014.08.04 20:36:17.116,0.87416,0.8744,1.80,1.00
2014.08.04 20:36:23.693,0.87416,0.87441,1.15,1.50
2014.08.04 20:36:24.243,0.87416,0.8744,1.15,1.00
2014.08.04 20:36:25.759,0.87417,0.8744,1.15,1.00
2014.08.04 20:36:25.810,0.87417,0.87444,1.15,1.18
2014.08.04 20:36:26.367,0.8742,0.87445,1.15,1.18
2014.08.04 20:36:45.916,0.8742,0.8744,1.15,1.00
2014.08.04 20:36:46.811,0.8742,0.8744,1.15,1.00
2014.08.04 20:36:46.912,0.8742,0.87445,1.15,1.10
2014.08.04 20:36:49.876,0.8742,0.8744,1.15,1.00
2014.08.04 20:36:51.198,0.8742,0.87445,1.15,1.10
2014.08.04 20:36:54.312,0.8742,0.8744,1.80,1.00
2014.08.04 20:37:06.715,0.8742,0.8744,1.15,1.00
2014.08.04 20:37:09.263,0.8742,0.87441,1.18,1.00
2014.08.04 20:37:16.492,0.8742,0.87445,1.18,1.58
2014.08.04 20:37:27.888,0.8742,0.87445,1.15,1.50
2014.08.04 20:38:08.473,0.8742,0.87445,1.15,1.10
2014.08.04 20:38:08.524,0.87421,0.87448,1.15,1.00
2014.08.04 20:38:48.745,0.87421,0.87448,1.65,1.08
2014.08.04 20:39:04.796,0.87422,0.87448,1.15,1.00
2014.08.04 20:39:05.048,0.87422,0.87452,1.65,1.15
2014.08.04 20:39:05.253,0.87422,0.87448,1.65,1.00
2014.08.04 20:39:06.011,0.87422,0.87452,1.65,1.15
2014.08.04 20:39:06.794,0.87424,0.87449,1.15,1.00
2014.08.04 20:39:07.333,0.87424,0.87452,1.15,1.15
2014.08.04 20:39:07.845,0.87424,0.87449,1.15,1.00
2014.08.04 20:39:08.557,0.87425,0.8745,1.15,1.10
2014.08.04 20:39:08.712,0.87425,0.87452,1.15,1.08
2014.08.04 20:39:08.763,0.87425,0.87452,1.15,1.10
2014.08.04 20:39:09.226,0.87424,0.87449,3.08,1.00
2014.08.04 20:39:09.327,0.87424,0.87453,3.08,1.18
2014.08.04 20:39:10.351,0.87424,0.87451,3.08,1.00
2014.08.04 20:39:11.578,0.87424,0.87453,3.08,1.18
2014.08.04 20:39:14.537,0.87429,0.87453,1.35,1.08
2014.08.04 20:39:14.739,0.87428,0.87458,2.18,1.15
2014.08.04 20:39:14.791,0.8743,0.87458,2.33,1.08
2014.08.04 20:39:14.841,0.87432,0.8746,1.15,1.65
2014.08.04 20:39:14.944,0.87432,0.87457,1.15,1.00
2014.08.04 20:39:15.149,0.87432,0.8746,1.15,1.65
2014.08.04 20:39:35.798,0.87432,0.87457,1.10,1.15
2014.08.04 20:39:41.667,0.87432,0.8746,1.18,1.65
2014.08.04 20:39:41.717,0.87432,0.8746,1.15,1.65
2014.08.04 20:40:01.845,0.87432,0.8746,1.15,1.15
2014.08.04 20:40:20.248,0.87434,0.8746,2.33,1.00
2014.08.04 20:40:20.349,0.87434,0.8746,1.15,1.00
2014.08.04 20:40:24.101,0.87432,0.8746,2.33,1.58
2014.08.04 20:40:24.769,0.87432,0.8746,2.33,1.65
2014.08.04 20:40:36.563,0.87432,0.8746,1.13,1.65
2014.08.04 20:40:44.728,0.87433,0.87461,1.00,3.83
2014.08.04 20:40:45.277,0.87429,0.8746,1.65,1.15
2014.08.04 20:40:47.777,0.87429,0.87455,1.18,1.15
2014.08.04 20:41:06.337,0.87428,0.87455,2.33,1.08
2014.08.04 20:41:06.387,0.87428,0.87455,3.08,1.00
2014.08.04 20:41:06.791,0.87426,0.87455,3.08,1.08
2014.08.04 20:41:07.365,0.87425,0.87455,3.08,1.15
2014.08.04 20:41:26.836,0.87425,0.87455,3.98,1.15
2014.08.04 20:41:31.349,0.87426,0.87452,1.15,1.00
2014.08.04 20:41:31.450,0.87426,0.87455,1.15,1.18
2014.08.04 20:41:31.652,0.87426,0.87452,1.15,1.00
2014.08.04 20:41:31.803,0.87426,0.87455,1.15,1.18
2014.08.04 20:41:31.904,0.87426,0.87452,1.15,1.00
2014.08.04 20:41:37.193,0.87426,0.87455,1.15,1.18
2014.08.04 20:41:39.498,0.87426,0.87452,1.15,1.00
2014.08.04 20:41:39.570,0.87426,0.87455,1.15,1.18
2014.08.04 20:41:40.265,0.87426,0.87452,1.15,1.00
2014.08.04 20:41:40.366,0.87426,0.87455,1.15,1.18
2014.08.04 20:41:41.033,0.87426,0.87452,1.15,1.00
2014.08.04 20:41:42.029,0.87426,0.87455,1.15,1.18
2014.08.04 20:41:42.231,0.87426,0.87452,1.15,1.00
2014.08.04 20:41:42.332,0.87426,0.87455,1.15,1.18
2014.08.04 20:41:42.584,0.87426,0.87452,1.15,1.00
2014.08.04 20:41:45.403,0.87426,0.87455,1.15,1.18
2014.08.04 20:41:47.857,0.87426,0.87455,1.15,1.15
2014.08.04 20:41:49.800,0.87426,0.87452,1.15,1.00
2014.08.04 20:41:50.302,0.87426,0.87456,1.15,1.65
2014.08.04 20:42:00.628,0.87425,0.87452,2.33,1.00
2014.08.04 20:42:01.148,0.87425,0.87455,3.08,1.65
2014.08.04 20:42:01.811,0.87425,0.87452,3.08,1.00
2014.08.04 20:42:02.893,0.87426,0.87455,1.35,1.65
2014.08.04 20:42:08.835,0.87425,0.87455,1.80,1.65
2014.08.04 20:42:15.980,0.87428,0.87455,1.15,1.50
2014.08.04 20:42:57.799,0.8743,0.87455,1.15,1.18
2014.08.04 20:43:18.804,0.87432,0.87455,1.18,1.00
2014.08.04 20:43:21.505,0.87432,0.87456,1.18,1.10
2014.08.04 20:43:29.168,0.87432,0.87455,1.18,1.00
2014.08.04 20:44:18.907,0.87432,0.87455,1.00,1.00
2014.08.04 20:44:19.765,0.87432,0.87456,1.00,1.00
2014.08.04 20:44:23.069,0.87432,0.87455,1.00,1.00
2014.08.04 20:44:31.696,0.87432,0.87455,1.00,1.08
2014.08.04 20:44:31.898,0.87427,0.87455,1.15,1.15
2014.08.04 20:44:31.948,0.87427,0.87455,1.15,1.15
2014.08.04 20:44:52.770,0.87425,0.87455,1.65,1.15
2014.08.04 20:45:03.225,0.87425,0.87449,1.65,1.00
2014.08.04 20:45:03.776,0.87426,0.8745,1.20,1.10
2014.08.04 20:45:13.846,0.87426,0.87452,1.20,1.18
2014.08.04 20:45:20.398,0.87426,0.8745,1.20,1.00
2014.08.04 20:45:23.167,0.87426,0.87452,1.15,1.18
2014.08.04 20:45:23.722,0.87426,0.8745,1.15,1.00
2014.08.04 20:45:29.657,0.87426,0.8745,1.00,1.15
2014.08.04 20:45:29.959,0.87421,0.8744,1.00,1.18
2014.08.04 20:45:30.061,0.87416,0.8744,1.80,1.18
2014.08.04 20:45:30.851,0.87416,0.87435,1.80,1.00
2014.08.04 20:45:33.180,0.87416,0.8744,1.80,1.18
2014.08.04 20:45:33.482,0.87416,0.87441,1.00,1.65
2014.08.04 20:45:33.785,0.87412,0.87435,1.10,1.18
2014.08.04 20:45:33.835,0.87412,0.8743,1.10,1.00
2014.08.04 20:45:33.886,0.87408,0.8743,1.00,1.18
2014.08.04 20:45:33.987,0.87408,0.8743,1.00,1.15
2014.08.04 20:45:34.037,0.87404,0.8743,2.03,1.15
2014.08.04 20:45:34.440,0.87404,0.87435,2.10,3.83
2014.08.04 20:45:35.098,0.87405,0.87435,1.65,1.15
2014.08.04 20:45:35.603,0.87405,0.87432,1.65,1.00
2014.08.04 20:45:36.207,0.87405,0.87436,1.65,1.15
2014.08.04 20:46:04.746,0.87407,0.87435,3.98,1.08
2014.08.04 20:46:04.797,0.87412,0.87435,1.15,1.00
2014.08.04 20:46:12.861,0.87412,0.87435,1.15,1.00
2014.08.04 20:46:13.368,0.87412,0.87435,1.15,1.00
2014.08.04 20:46:33.390,0.87416,0.87435,1.15,1.00
2014.08.04 20:46:33.692,0.87424,0.87435,1.00,1.00
2014.08.04 20:46:33.894,0.87424,0.8744,1.00,1.00
2014.08.04 20:46:34.145,0.87424,0.87436,1.10,1.20
2014.08.04 20:46:34.246,0.87424,0.8744,1.10,1.00
2014.08.04 20:46:37.906,0.87417,0.8744,1.08,1.10
2014.08.04 20:46:38.007,0.87416,0.8744,1.20,1.20
2014.08.04 20:46:38.208,0.87415,0.87436,1.15,1.20
2014.08.04 20:46:38.309,0.87413,0.8744,1.15,1.20
2014.08.04 20:46:42.574,0.87412,0.87435,1.15,1.00
2014.08.04 20:46:45.004,0.87412,0.8744,1.15,1.65
2014.08.04 20:46:47.415,0.87416,0.87435,1.20,1.00
2014.08.04 20:46:58.869,0.87416,0.87435,1.18,1.00
2014.08.04 20:47:39.801,0.87416,0.87435,1.15,1.00
2014.08.04 20:48:00.261,0.87416,0.8744,1.18,1.18
2014.08.04 20:48:39.879,0.8741,0.8744,1.95,1.00
2014.08.04 20:48:40.592,0.87411,0.8744,1.00,1.00
2014.08.04 20:48:43.547,0.87412,0.8744,1.00,1.00
2014.08.04 20:48:49.626,0.87412,0.87441,1.00,1.00
2014.08.04 20:48:49.677,0.87412,0.87441,3.75,1.00
2014.08.04 20:48:50.030,0.87414,0.87441,1.15,1.15
2014.08.04 20:48:52.191,0.87412,0.8744,3.08,1.08
2014.08.04 20:48:52.535,0.87415,0.8744,1.15,1.00
2014.08.04 20:49:12.817,0.87414,0.8744,1.15,1.00
2014.08.04 20:49:13.444,0.87415,0.8744,4.35,1.00
2014.08.04 20:49:13.957,0.87418,0.8744,1.53,1.00
2014.08.04 20:49:18.865,0.87419,0.8744,1.53,1.00
2014.08.04 20:49:18.916,0.87419,0.87449,1.53,1.80
2014.08.04 20:49:18.967,0.87422,0.87449,1.15,1.38
2014.08.04 20:49:19.017,0.87424,0.8745,1.35,1.08
2014.08.04 20:49:19.118,0.87424,0.8745,1.35,1.00
2014.08.04 20:49:31.311,0.87425,0.87455,1.15,1.15
2014.08.04 20:49:31.481,0.87427,0.87455,1.18,1.15
2014.08.04 20:49:31.784,0.87428,0.87455,3.08,1.00
2014.08.04 20:49:58.900,0.87433,0.87455,2.33,1.00
2014.08.04 20:49:59.354,0.87436,0.87455,2.33,1.00
2014.08.04 20:49:59.404,0.87436,0.8746,2.33,1.00
2014.08.04 20:50:00.222,0.87435,0.8746,2.33,1.00
2014.08.04 20:50:00.285,0.87434,0.8746,1.15,1.00
2014.08.04 20:50:00.437,0.87436,0.8746,1.15,1.00
2014.08.04 20:50:01.344,0.87436,0.8746,1.15,1.00
2014.08.04 20:50:01.850,0.87437,0.87465,1.15,1.15
2014.08.04 20:50:03.254,0.87437,0.87465,1.15,1.18
2014.08.04 20:50:03.304,0.87435,0.87465,4.50,1.20
2014.08.04 20:50:04.079,0.87439,0.87465,1.10,1.15
2014.08.04 20:50:08.254,0.87437,0.87465,1.15,1.18
2014.08.04 20:50:08.474,0.87439,0.87465,1.10,1.15
2014.08.04 20:50:09.990,0.87436,0.87466,1.08,1.08
2014.08.04 20:50:10.041,0.87436,0.87466,1.00,1.00
2014.08.04 20:50:10.142,0.87439,0.87466,1.00,1.00
2014.08.04 20:50:10.343,0.87437,0.87466,1.00,1.00
2014.08.04 20:50:10.847,0.87437,0.87465,1.00,1.00
2014.08.04 20:50:11.369,0.87437,0.87466,1.00,1.00
2014.08.04 20:50:11.571,0.87435,0.87465,1.00,1.00
2014.08.04 20:50:11.788,0.87439,0.87465,1.00,1.00
2014.08.04 20:50:14.951,0.87437,0.87465,1.00,1.00
2014.08.04 20:50:15.271,0.87439,0.87465,1.00,1.00
2014.08.04 20:50:15.523,0.87436,0.87465,1.00,1.00
2014.08.04 20:50:15.726,0.87439,0.87465,1.00,1.00
2014.08.04 20:50:16.591,0.87436,0.87465,1.00,1.00
2014.08.04 20:50:16.944,0.87438,0.87465,1.00,1.00
2014.08.04 20:50:17.842,0.87438,0.8746,1.00,1.00
2014.08.04 20:50:18.044,0.87436,0.8746,1.00,1.00
2014.08.04 20:50:18.276,0.87438,0.8746,1.00,1.00
2014.08.04 20:50:19.015,0.87439,0.8746,1.00,1.00
2014.08.04 20:50:19.520,0.87438,0.8746,1.00,1.00
2014.08.04 20:50:23.202,0.87436,0.8746,1.10,1.00
2014.08.04 20:50:23.454,0.87427,0.8746,1.20,1.50
2014.08.04 20:50:24.094,0.87428,0.8746,1.20,1.50
2014.08.04 20:50:29.197,0.87429,0.8746,1.20,2.25
2014.08.04 20:50:29.883,0.87428,0.8746,1.20,1.50
2014.08.04 20:50:32.150,0.87428,0.87455,1.20,1.00
2014.08.04 20:50:32.659,0.87427,0.87455,1.20,1.00
2014.08.04 20:50:35.111,0.87427,0.87459,1.20,1.00
2014.08.04 20:50:36.101,0.87427,0.87455,1.20,1.00
2014.08.04 20:50:38.081,0.87427,0.87456,1.20,1.00
2014.08.04 20:50:39.291,0.87427,0.87459,1.20,1.00
2014.08.04 20:50:41.491,0.87427,0.87455,1.20,1.00
2014.08.04 20:50:43.691,0.87427,0.87459,1.20,1.00
2014.08.04 20:50:45.802,0.87426,0.87459,1.65,1.00
2014.08.04 20:50:46.683,0.87427,0.87459,1.20,1.00
2014.08.04 20:50:47.811,0.87426,0.87459,1.65,1.00
2014.08.04 20:50:51.591,0.87426,0.87457,1.20,1.00
2014.08.04 20:50:51.793,0.87426,0.87459,1.65,1.00
2014.08.04 20:50:52.296,0.87426,0.87458,1.20,1.00
2014.08.04 20:50:52.765,0.87426,0.87455,1.20,1.00
2014.08.04 20:50:54.676,0.87426,0.87458,1.20,1.00
2014.08.04 20:50:54.777,0.87426,0.87456,1.20,1.00
2014.08.04 20:50:54.979,0.87426,0.87458,1.20,1.00
2014.08.04 20:50:55.482,0.87425,0.87458,1.50,1.00
2014.08.04 20:50:56.138,0.87425,0.87456,2.40,1.00
2014.08.04 20:50:56.239,0.87425,0.87458,2.40,1.00
2014.08.04 20:50:56.744,0.87425,0.87457,2.40,1.00
2014.08.04 20:50:57.279,0.87425,0.87458,2.40,1.00
2014.08.04 20:50:57.330,0.87426,0.8746,1.00,2.33
2014.08.04 20:50:57.733,0.87426,0.87455,1.00,1.00
2014.08.04 20:50:58.085,0.87427,0.8746,1.00,3.08
2014.08.04 20:50:58.438,0.87427,0.87457,1.00,1.00
2014.08.04 20:51:00.132,0.87428,0.87457,1.20,1.00
2014.08.04 20:51:00.295,0.87428,0.8746,1.20,1.58
2014.08.04 20:51:01.269,0.87427,0.87457,1.00,1.00
2014.08.04 20:51:04.681,0.87428,0.8746,1.20,1.50
2014.08.04 20:51:04.837,0.8743,0.8746,1.00,1.00
2014.08.04 20:51:16.668,0.8743,0.87463,1.00,1.65
2014.08.04 20:51:17.173,0.87429,0.87463,2.78,1.15
2014.08.04 20:51:22.361,0.8743,0.87464,1.50,1.65
2014.08.04 20:51:22.918,0.8743,0.87464,1.88,1.15
2014.08.04 20:51:23.422,0.8743,0.87464,1.50,1.15
2014.08.04 20:51:23.910,0.8743,0.87464,1.50,1.65
2014.08.04 20:51:24.061,0.8743,0.8746,1.50,1.00
2014.08.04 20:51:24.162,0.8743,0.87464,1.50,2.40
2014.08.04 20:51:24.818,0.8743,0.8746,1.50,1.00
2014.08.04 20:51:24.970,0.8743,0.87464,1.50,1.18
2014.08.04 20:51:26.252,0.8743,0.8746,1.00,1.00
2014.08.04 20:51:27.250,0.87429,0.8746,2.40,1.00
2014.08.04 20:51:30.559,0.8743,0.8746,1.00,1.00
2014.08.04 20:51:31.239,0.87429,0.8746,2.40,1.00
2014.08.04 20:51:31.865,0.87429,0.8746,2.78,1.00
2014.08.04 20:51:32.168,0.8743,0.87457,1.00,1.00
2014.08.04 20:51:33.825,0.8743,0.87459,1.00,1.00
2014.08.04 20:51:33.926,0.8743,0.87463,1.00,1.58
2014.08.04 20:51:33.976,0.8743,0.8746,1.00,1.00
2014.08.04 20:51:51.348,0.8743,0.8746,1.38,1.00
2014.08.04 20:51:54.860,0.87434,0.8746,1.00,1.00
2014.08.04 20:51:54.961,0.87434,0.87463,1.00,1.18
2014.08.04 20:51:55.163,0.87434,0.87464,1.00,1.00
2014.08.04 20:51:55.850,0.87435,0.87464,1.00,1.50
2014.08.04 20:52:02.773,0.87435,0.87465,1.00,1.50
2014.08.04 20:52:04.065,0.87435,0.87466,1.00,1.00
2014.08.04 20:52:04.317,0.87435,0.87464,1.00,1.00
2014.08.04 20:52:04.368,0.87433,0.87464,1.65,1.00
2014.08.04 20:52:04.771,0.87433,0.87461,1.20,1.00
2014.08.04 20:52:05.428,0.87435,0.87461,1.00,1.00
2014.08.04 20:52:05.529,0.87435,0.87464,1.00,1.00
2014.08.04 20:52:05.630,0.87435,0.87466,1.00,1.00
2014.08.04 20:52:05.835,0.87435,0.87464,1.00,1.00
2014.08.04 20:52:08.389,0.87433,0.87464,1.20,1.00
2014.08.04 20:52:12.459,0.87435,0.87464,1.00,1.00
2014.08.04 20:52:14.549,0.87434,0.87464,1.00,1.00
2014.08.04 20:52:15.429,0.87435,0.87464,1.00,1.00
2014.08.04 20:52:22.690,0.87433,0.87464,1.20,1.10
2014.08.04 20:52:25.262,0.87432,0.87464,1.20,1.10
2014.08.04 20:52:32.810,0.87435,0.87464,1.00,1.58
2014.08.04 20:52:46.919,0.8743,0.87464,1.88,1.10
2014.08.04 20:52:47.021,0.8743,0.87461,1.88,1.00
2014.08.04 20:52:57.662,0.87431,0.87461,1.00,1.00
2014.08.04 20:52:59.183,0.87432,0.87462,1.00,1.10
2014.08.04 20:52:59.492,0.87434,0.87463,1.00,1.18
2014.08.04 20:53:00.056,0.87433,0.87464,1.00,1.65
2014.08.04 20:53:00.409,0.87433,0.87464,1.00,1.50
2014.08.04 20:53:02.180,0.87433,0.87461,1.65,1.00
2014.08.04 20:53:02.281,0.87435,0.87465,1.00,1.00
2014.08.04 20:53:02.785,0.87436,0.87465,1.00,1.50
2014.08.04 20:53:04.145,0.87438,0.87465,1.00,1.00
2014.08.04 20:53:04.347,0.87436,0.87465,1.00,2.25
2014.08.04 20:53:05.109,0.87437,0.87465,1.00,1.00
2014.08.04 20:53:35.728,0.87437,0.87466,1.00,1.00
2014.08.04 20:53:46.274,0.87438,0.87467,1.00,1.00
2014.08.04 20:53:46.426,0.87438,0.87465,1.00,1.00
2014.08.04 20:53:46.618,0.87439,0.87469,1.00,1.00
2014.08.04 20:54:01.988,0.8744,0.8747,1.00,1.00
2014.08.04 20:54:02.142,0.8744,0.87465,1.00,1.00
2014.08.04 20:54:02.887,0.87441,0.87465,1.00,1.00
2014.08.04 20:54:07.297,0.87441,0.8747,1.00,1.00
2014.08.04 20:54:07.400,0.87438,0.87467,1.15,1.00
2014.08.04 20:54:07.551,0.87438,0.87467,1.00,1.00
2014.08.04 20:54:07.612,0.87436,0.87465,1.00,1.00
2014.08.04 20:54:08.267,0.87438,0.87467,1.00,1.00
2014.08.04 20:54:08.876,0.87438,0.87465,1.00,1.00
2014.08.04 20:54:11.588,0.87438,0.87467,1.00,1.00
2014.08.04 20:54:11.807,0.87438,0.87465,1.00,1.00
2014.08.04 20:54:12.148,0.87439,0.87468,1.00,1.00
2014.08.04 20:54:12.450,0.87442,0.87471,1.00,1.00
2014.08.04 20:54:12.753,0.87442,0.87465,1.00,1.00
2014.08.04 20:54:12.804,0.87442,0.87471,1.00,1.00
2014.08.04 20:54:20.498,0.87442,0.87465,1.00,1.00
2014.08.04 20:54:24.098,0.8744,0.87465,1.50,1.00
2014.08.04 20:54:24.198,0.8744,0.8747,1.50,1.50
2014.08.04 20:54:24.350,0.87445,0.8747,1.00,1.00
2014.08.04 20:54:29.048,0.87444,0.8747,1.00,1.00
2014.08.04 20:54:29.350,0.87443,0.87465,1.00,1.00
2014.08.04 20:54:33.367,0.87443,0.8747,1.00,1.00
2014.08.04 20:54:38.866,0.87442,0.87465,1.13,1.00
2014.08.04 20:54:39.173,0.87444,0.87465,1.00,1.00
2014.08.04 20:54:39.526,0.87446,0.87465,1.00,1.00
2014.08.04 20:54:39.933,0.87448,0.87465,1.00,1.00
2014.08.04 20:54:40.185,0.87446,0.87465,1.00,1.00
2014.08.04 20:54:40.891,0.87447,0.87465,1.00,1.00
2014.08.04 20:54:42.826,0.87447,0.8747,1.00,1.00
2014.08.04 20:54:43.819,0.87445,0.87465,1.00,1.00
2014.08.04 20:54:44.025,0.87443,0.87465,1.00,1.00
2014.08.04 20:54:44.177,0.87443,0.8747,1.00,1.00
2014.08.04 20:54:53.867,0.87443,0.87466,1.00,1.00
2014.08.04 20:54:53.918,0.8744,0.87466,1.00,1.00
2014.08.04 20:54:54.070,0.8744,0.8747,1.00,1.50
2014.08.04 20:54:54.120,0.87436,0.87465,1.00,1.00
2014.08.04 20:54:58.971,0.8744,0.87465,1.00,1.00
2014.08.04 20:55:00.867,0.8744,0.8747,1.00,1.00
2014.08.04 20:55:01.681,0.8744,0.87465,1.00,1.00
2014.08.04 20:55:03.390,0.87441,0.87465,1.00,1.00
2014.08.04 20:55:03.579,0.87437,0.87465,1.00,1.00
2014.08.04 20:55:04.977,0.87437,0.87465,1.15,1.00
2014.08.04 20:55:05.078,0.87444,0.8747,1.00,1.00
2014.08.04 20:55:05.230,0.87444,0.8747,1.15,1.00
2014.08.04 20:55:11.961,0.87445,0.8747,1.00,1.00
2014.08.04 20:55:12.263,0.87442,0.87466,1.00,1.00
2014.08.04 20:55:12.314,0.8744,0.87465,1.00,1.00
2014.08.04 20:55:12.487,0.87435,0.87465,1.00,1.00
2014.08.04 20:55:18.875,0.87437,0.87465,1.00,1.00
2014.08.04 20:55:19.127,0.87434,0.87465,1.13,1.00
2014.08.04 20:55:19.178,0.87434,0.87465,1.38,1.00
2014.08.04 20:55:19.681,0.87436,0.87465,1.00,1.00
2014.08.04 20:55:20.102,0.87438,0.87465,1.00,1.00
2014.08.04 20:55:20.304,0.87435,0.87465,1.00,1.00
2014.08.04 20:55:20.758,0.87437,0.87465,1.00,1.00
2014.08.04 20:55:22.316,0.8744,0.87465,1.00,1.00
2014.08.04 20:55:22.519,0.87438,0.87465,1.00,1.00
2014.08.04 20:55:22.844,0.87436,0.87465,1.13,1.00
2014.08.04 20:55:23.199,0.87438,0.87465,1.00,1.00
2014.08.04 20:55:23.818,0.87436,0.87465,1.13,1.00
2014.08.04 20:55:27.783,0.87437,0.87465,1.00,1.00
2014.08.04 20:55:32.548,0.87436,0.87465,1.13,1.00
2014.08.04 20:55:36.617,0.87436,0.87466,1.13,1.73
2014.08.04 20:55:37.655,0.87436,0.87465,1.00,1.00
2014.08.04 20:55:41.248,0.87436,0.87465,1.50,1.00
2014.08.04 20:55:41.856,0.87442,0.87466,1.13,1.00
2014.08.04 20:55:44.796,0.87442,0.87465,1.13,1.00
2014.08.04 20:55:56.874,0.87442,0.87471,1.00,1.10
2014.08.04 20:55:57.415,0.87441,0.87471,1.38,1.73
2014.08.04 20:55:58.728,0.87441,0.87465,1.88,1.00
2014.08.04 20:56:06.665,0.87441,0.87465,1.38,1.00
2014.08.04 20:56:12.793,0.87441,0.87465,1.00,1.00
2014.08.04 20:56:13.146,0.87437,0.87465,1.00,1.00
2014.08.04 20:56:13.650,0.87435,0.87466,1.38,1.00
2014.08.04 20:56:17.809,0.87435,0.87465,1.38,1.20
2014.08.04 20:56:17.910,0.87438,0.87466,1.95,1.00
2014.08.04 20:56:18.505,0.87442,0.87465,1.38,1.00
2014.08.04 20:56:18.863,0.87442,0.87465,1.13,1.00
2014.08.04 20:56:19.422,0.87443,0.87465,1.00,1.00
2014.08.04 20:56:23.994,0.87442,0.87465,1.13,1.00
2014.08.04 20:56:24.206,0.87444,0.87465,1.00,1.00
2014.08.04 20:56:35.926,0.87444,0.8747,1.00,1.00
2014.08.04 20:56:48.846,0.87443,0.8747,1.00,1.00
2014.08.04 20:56:51.719,0.87443,0.8747,1.38,1.00
2014.08.04 20:57:04.446,0.87443,0.87469,1.00,1.20
2014.08.04 20:57:04.547,0.87443,0.87467,1.00,1.20
2014.08.04 20:57:04.698,0.8744,0.87467,1.18,1.65
2014.08.04 20:57:04.850,0.8744,0.87465,1.00,1.00
2014.08.04 20:57:05.102,0.8744,0.87467,1.00,1.65
2014.08.04 20:57:09.508,0.8744,0.87465,1.00,1.20
2014.08.04 20:57:09.609,0.8744,0.87467,1.00,1.20
2014.08.04 20:57:10.143,0.87441,0.87467,1.00,1.20
2014.08.04 20:57:47.546,0.87441,0.87466,1.00,1.20
2014.08.04 20:57:53.234,0.87441,0.87465,1.00,1.00
2014.08.04 20:57:56.426,0.8744,0.87465,1.00,1.00
2014.08.04 20:58:00.374,0.87438,0.87465,1.00,1.00
2014.08.04 20:58:00.792,0.8744,0.87464,1.00,1.20
2014.08.04 20:58:01.348,0.87441,0.87464,1.00,1.20
2014.08.04 20:58:01.980,0.87441,0.87465,1.00,1.20
2014.08.04 20:58:02.081,0.87441,0.87467,1.00,1.20
2014.08.04 20:58:02.132,0.87443,0.87467,1.00,1.20
2014.08.04 20:58:02.434,0.87441,0.87467,1.00,1.20
2014.08.04 20:58:02.869,0.87441,0.87465,1.00,1.20
2014.08.04 20:58:03.373,0.8744,0.87465,1.10,1.20
2014.08.04 20:58:04.919,0.8744,0.87466,1.10,1.20
2014.08.04 20:58:05.424,0.8744,0.87467,1.48,1.20
2014.08.04 20:58:20.094,0.87441,0.8747,1.13,1.65
2014.08.04 20:58:27.573,0.8744,0.87471,1.58,1.00
2014.08.04 20:58:28.131,0.87441,0.87472,1.38,1.20
2014.08.04 20:58:28.434,0.87441,0.8747,1.38,1.00
2014.08.04 20:58:40.449,0.87441,0.8747,1.00,1.20
2014.08.04 20:58:40.752,0.87438,0.87464,1.38,1.20
2014.08.04 20:58:41.324,0.87438,0.87465,1.38,1.65
2014.08.04 20:58:45.699,0.8744,0.87465,1.00,1.00
2014.08.04 20:58:49.293,0.8744,0.87465,1.38,1.00
2014.08.04 20:58:49.796,0.87442,0.87466,1.00,1.20
2014.08.04 20:58:50.660,0.87439,0.87466,1.38,1.20
2014.08.04 20:58:51.174,0.87442,0.87466,1.00,1.20
2014.08.04 20:59:00.181,0.87442,0.87467,1.00,1.00
2014.08.04 20:59:00.282,0.87442,0.87471,1.00,1.20
2014.08.04 20:59:00.683,0.87442,0.87469,0.75,0.90
2014.08.04 20:59:01.202,0.87443,0.87468,0.75,0.90
2014.08.04 20:59:01.424,0.87441,0.87468,1.13,0.90
2014.08.04 20:59:02.443,0.87441,0.87469,1.13,0.90
2014.08.04 20:59:02.977,0.87441,0.87468,1.13,0.90
2014.08.04 20:59:10.956,0.87441,0.87465,1.13,0.90
2014.08.04 20:59:11.139,0.87441,0.87467,1.13,0.90
2014.08.04 20:59:11.673,0.87441,0.87468,1.13,0.90
2014.08.04 20:59:11.777,0.87443,0.87468,0.75,0.90
2014.08.04 20:59:17.535,0.87443,0.87465,0.75,0.75
2014.08.04 20:59:18.042,0.87442,0.87465,0.75,0.75
2014.08.04 20:59:18.352,0.87441,0.87462,0.75,0.90
2014.08.04 20:59:18.556,0.87433,0.87456,0.75,0.90
2014.08.04 20:59:19.163,0.87432,0.87456,0.75,0.90
2014.08.04 20:59:19.570,0.8743,0.87455,0.75,0.90
2014.08.04 20:59:20.202,0.87431,0.87455,0.75,0.90
2014.08.04 20:59:20.453,0.87433,0.87456,0.75,0.90
2014.08.04 20:59:24.222,0.87433,0.87455,0.75,0.90
2014.08.04 20:59:24.950,0.87432,0.87455,0.75,0.90
2014.08.04 20:59:25.268,0.87435,0.87455,0.75,0.90
2014.08.04 20:59:25.519,0.8743,0.87453,0.75,0.90
2014.08.04 20:59:26.041,0.87431,0.87454,0.75,0.90
2014.08.04 20:59:26.142,0.87429,0.87454,0.75,0.90
2014.08.04 20:59:26.753,0.87429,0.87453,0.75,0.90
2014.08.04 20:59:30.535,0.8742,0.87453,0.83,0.90
2014.08.04 20:59:44.474,0.87418,0.87453,0.90,0.90
2014.08.04 20:59:45.014,0.87417,0.87454,0.10,0.90
2014.08.04 20:59:45.663,0.8742,0.87454,0.75,0.90
2014.08.04 20:59:50.602,0.87417,0.87454,0.10,0.90
2014.08.04 20:59:51.152,0.8742,0.87455,0.75,0.90
2014.08.04 20:59:52.406,0.8742,0.87446,0.75,0.90
2014.08.04 20:59:52.506,0.8741,0.87444,1.35,0.90
2014.08.04 20:59:52.607,0.87415,0.87444,0.75,0.90
2014.08.04 20:59:53.929,0.87415,0.87446,0.75,0.90
2014.08.04 20:59:54.501,0.87415,0.87445,0.75,0.90
2014.08.04 20:59:55.383,0.87415,0.87443,0.75,0.90
2014.08.04 20:59:55.483,0.87415,0.87446,0.75,0.90
2014.08.04 20:59:55.993,0.87415,0.87445,0.75,0.90
2014.08.04 20:59:56.369,0.87415,0.8744,0.75,0.90
2014.08.04 20:59:56.871,0.87415,0.87439,0.75,0.90
2014.08.04 20:59:58.745,0.8742,0.87439,0.75,0.90
2014.08.04 20:59:59.622,0.8741,0.87439,0.10,0.90
2014.08.04 20:59:59.773,0.87409,0.87432,0.10,0.90
2014.08.04 20:59:59.823,0.87405,0.87432,0.75,0.90
