2015.07.08 02:00:00.915,0.81088,0.8111,1.50,1.12
2015.07.08 02:00:01.117,0.81086,0.8111,1.87,1.12
2015.07.08 02:00:01.394,0.81086,0.81109,1.50,1.87
2015.07.08 02:00:01.699,0.8109,0.81109,1.00,1.50
2015.07.08 02:00:01.800,0.81088,0.81109,1.00,1.50
2015.07.08 02:00:01.951,0.81087,0.81111,1.50,1.00
2015.07.08 02:00:02.940,0.81087,0.81111,2.25,1.37
2015.07.08 02:00:03.879,0.81087,0.81111,1.50,1.37
2015.07.08 02:00:04.373,0.81086,0.81111,1.50,1.50
2015.07.08 02:00:04.890,0.81085,0.81108,3.00,1.37
2015.07.08 02:00:05.192,0.81085,0.81108,1.50,1.37
2015.07.08 02:00:05.394,0.81083,0.81106,1.00,1.37
2015.07.08 02:00:05.495,0.81081,0.81106,3.00,1.37
2015.07.08 02:00:06.188,0.81081,0.81106,2.25,1.37
2015.07.08 02:00:06.289,0.81083,0.81106,1.00,1.37
2015.07.08 02:00:06.592,0.8109,0.81106,1.00,1.12
2015.07.08 02:00:06.744,0.8109,0.81109,1.00,1.00
2015.07.08 02:00:07.950,0.81086,0.81109,1.50,1.00
2015.07.08 02:00:08.687,0.81085,0.81109,2.25,1.00
2015.07.08 02:00:09.213,0.81086,0.81109,1.00,1.00
2015.07.08 02:00:09.873,0.81085,0.81109,2.25,1.00
2015.07.08 02:00:11.060,0.8109,0.81109,1.00,1.00
2015.07.08 02:00:11.568,0.8109,0.81112,1.00,1.00
2015.07.08 02:00:12.266,0.81091,0.81112,1.00,1.00
2015.07.08 02:00:12.622,0.81095,0.81112,1.00,1.00
2015.07.08 02:00:12.972,0.81095,0.81115,1.00,1.00
2015.07.08 02:00:15.430,0.81095,0.81115,1.00,1.37
2015.07.08 02:00:15.732,0.81095,0.81115,1.00,1.00
2015.07.08 02:00:16.071,0.81095,0.81115,1.00,1.37
2015.07.08 02:00:17.116,0.81095,0.81115,1.00,1.00
2015.07.08 02:00:17.268,0.81095,0.81118,1.50,1.12
2015.07.08 02:00:17.771,0.81096,0.81118,1.00,1.12
2015.07.08 02:00:21.146,0.81095,0.81118,1.50,1.12
2015.07.08 02:00:21.448,0.81095,0.81118,1.00,1.37
2015.07.08 02:00:21.912,0.81094,0.81116,1.00,1.37
2015.07.08 02:00:22.214,0.81091,0.81116,1.00,1.37
2015.07.08 02:00:22.650,0.81093,0.81113,1.00,1.00
2015.07.08 02:00:22.953,0.81095,0.81115,1.00,1.12
2015.07.08 02:00:23.454,0.81095,0.81114,1.00,1.00
2015.07.08 02:00:26.672,0.81095,0.81111,1.00,1.00
2015.07.08 02:00:26.724,0.8109,0.81111,1.00,1.00
2015.07.08 02:00:27.020,0.8109,0.81108,1.00,1.00
2015.07.08 02:00:27.585,0.81085,0.81108,1.37,1.12
2015.07.08 02:00:27.686,0.81085,0.81106,1.37,1.00
2015.07.08 02:00:28.061,0.8109,0.81106,1.00,1.00
2015.07.08 02:00:30.239,0.81085,0.81106,1.00,1.12
2015.07.08 02:00:30.890,0.81085,0.81106,1.00,1.37
2015.07.08 02:00:31.396,0.81085,0.81103,1.00,1.12
2015.07.08 02:00:35.297,0.81085,0.81106,1.00,1.12
2015.07.08 02:00:35.814,0.81085,0.81106,1.00,1.37
2015.07.08 02:00:36.362,0.81085,0.81106,1.00,1.87
2015.07.08 02:00:37.396,0.81085,0.81103,1.00,1.00
2015.07.08 02:00:38.103,0.8108,0.81103,1.00,1.37
2015.07.08 02:00:38.618,0.8108,0.81103,1.00,1.12
2015.07.08 02:00:39.250,0.81081,0.81103,1.00,1.00
2015.07.08 02:00:39.773,0.8108,0.81103,1.50,1.00
2015.07.08 02:00:41.110,0.8108,0.81103,1.00,1.37
2015.07.08 02:00:43.492,0.8108,0.81103,1.00,1.37
2015.07.08 02:00:44.013,0.8108,0.81103,1.00,1.00
2015.07.08 02:00:44.191,0.81085,0.81103,1.00,1.00
2015.07.08 02:00:45.657,0.81085,0.81101,1.00,1.00
2015.07.08 02:00:45.758,0.8108,0.811,1.00,1.00
2015.07.08 02:00:51.457,0.81085,0.811,1.00,1.00
2015.07.08 02:00:53.777,0.8108,0.811,1.00,1.00
2015.07.08 02:00:58.649,0.8108,0.81096,1.00,1.00
2015.07.08 02:00:58.750,0.81075,0.81096,1.00,1.00
2015.07.08 02:01:00.632,0.81075,0.81097,1.50,1.00
2015.07.08 02:01:00.784,0.81076,0.81099,1.00,1.12
2015.07.08 02:01:01.338,0.81077,0.81099,1.00,1.00
2015.07.08 02:01:02.781,0.8108,0.81099,1.00,1.00
2015.07.08 02:01:03.568,0.81079,0.81099,1.00,1.00
2015.07.08 02:01:05.862,0.8108,0.81099,1.00,1.00
2015.07.08 02:01:11.029,0.81075,0.81099,1.50,1.00
2015.07.08 02:01:13.034,0.81075,0.81099,1.50,1.37
2015.07.08 02:01:13.903,0.81075,0.81097,1.00,1.87
2015.07.08 02:01:14.440,0.81075,0.81097,1.00,1.50
2015.07.08 02:01:14.816,0.81075,0.81097,1.00,1.87
2015.07.08 02:01:14.898,0.81075,0.81097,1.00,1.50
2015.07.08 02:01:16.502,0.81075,0.81097,1.00,1.87
2015.07.08 02:01:17.005,0.81075,0.81099,1.50,1.37
2015.07.08 02:01:17.157,0.81077,0.81099,1.00,1.00
2015.07.08 02:01:17.208,0.81079,0.81099,1.00,1.00
2015.07.08 02:01:17.530,0.81081,0.81102,1.00,1.12
2015.07.08 02:01:17.631,0.81081,0.81104,1.00,1.12
2015.07.08 02:01:17.682,0.81083,0.81104,1.00,1.12
2015.07.08 02:01:17.833,0.81084,0.81109,1.00,2.62
2015.07.08 02:01:17.934,0.81084,0.81109,1.00,2.25
2015.07.08 02:01:19.286,0.81083,0.81109,1.50,1.87
2015.07.08 02:01:19.964,0.81084,0.81109,1.00,1.87
2015.07.08 02:01:20.267,0.81083,0.81105,1.00,1.00
2015.07.08 02:01:20.469,0.81081,0.81105,1.87,1.00
2015.07.08 02:01:20.570,0.8108,0.81105,2.25,1.37
2015.07.08 02:01:20.914,0.8108,0.811,1.00,1.00
2015.07.08 02:01:21.373,0.8108,0.81097,1.00,1.00
2015.07.08 02:01:21.777,0.8108,0.81094,1.00,1.00
2015.07.08 02:01:21.928,0.81075,0.81094,1.00,1.00
2015.07.08 02:01:23.480,0.81076,0.81095,1.00,1.00
2015.07.08 02:01:23.531,0.81076,0.811,1.00,1.37
2015.07.08 02:01:23.808,0.81079,0.811,1.37,1.00
2015.07.08 02:01:23.859,0.8108,0.81104,3.37,1.00
2015.07.08 02:01:23.960,0.81083,0.81108,1.37,2.10
2015.07.08 02:01:24.584,0.81085,0.81108,1.37,1.50
2015.07.08 02:01:24.735,0.81089,0.81111,1.12,1.00
2015.07.08 02:01:24.786,0.81091,0.81112,1.12,1.00
2015.07.08 02:01:24.837,0.81093,0.81115,1.00,1.00
2015.07.08 02:01:25.142,0.81095,0.81115,1.00,1.00
2015.07.08 02:01:25.600,0.81095,0.81118,1.00,1.00
2015.07.08 02:01:26.869,0.81093,0.81118,1.87,1.00
2015.07.08 02:01:27.498,0.81094,0.81118,1.00,1.00
2015.07.08 02:01:27.992,0.81095,0.81118,1.37,1.00
2015.07.08 02:01:28.466,0.81095,0.81118,1.50,1.37
2015.07.08 02:01:28.681,0.81095,0.81118,1.00,1.00
2015.07.08 02:01:28.795,0.81095,0.81118,1.00,1.37
2015.07.08 02:01:29.327,0.81095,0.81118,1.00,1.37
2015.07.08 02:01:29.851,0.81095,0.81118,1.00,1.37
2015.07.08 02:01:30.598,0.81095,0.81118,1.00,1.37
2015.07.08 02:01:31.099,0.81094,0.81118,1.00,1.37
2015.07.08 02:01:31.606,0.81093,0.81118,1.00,1.37
2015.07.08 02:01:33.359,0.81095,0.81118,1.00,1.37
2015.07.08 02:01:33.713,0.81093,0.81118,1.50,1.37
2015.07.08 02:01:33.914,0.81093,0.81118,1.50,1.37
2015.07.08 02:01:34.018,0.81095,0.81118,1.00,1.37
2015.07.08 02:01:34.563,0.81095,0.81118,1.00,1.00
2015.07.08 02:01:37.652,0.81095,0.81118,1.00,1.37
2015.07.08 02:01:38.036,0.81093,0.81116,1.00,1.37
2015.07.08 02:01:38.087,0.8109,0.81115,1.50,1.37
2015.07.08 02:01:38.529,0.8109,0.81115,1.00,1.37
2015.07.08 02:01:40.614,0.8109,0.81115,1.00,1.00
2015.07.08 02:01:40.716,0.8109,0.81115,1.00,1.37
2015.07.08 02:01:41.228,0.81091,0.81115,1.00,1.37
2015.07.08 02:01:43.874,0.8109,0.81115,1.00,1.37
2015.07.08 02:01:45.925,0.81089,0.81112,1.50,1.37
2015.07.08 02:01:46.260,0.81086,0.81109,1.00,1.37
2015.07.08 02:01:46.362,0.81086,0.81109,1.00,1.12
2015.07.08 02:01:46.463,0.81087,0.81112,1.00,1.00
2015.07.08 02:01:46.614,0.81086,0.81109,1.50,1.00
2015.07.08 02:01:47.152,0.81085,0.81109,1.00,1.00
2015.07.08 02:01:47.904,0.81086,0.81109,1.00,1.00
2015.07.08 02:01:48.649,0.81089,0.81112,1.00,1.00
2015.07.08 02:01:48.700,0.81087,0.81112,1.00,1.00
2015.07.08 02:01:48.752,0.8109,0.81114,1.00,1.87
2015.07.08 02:01:48.853,0.81086,0.81109,1.00,1.00
2015.07.08 02:01:49.308,0.81088,0.81109,1.00,1.00
2015.07.08 02:01:49.719,0.81088,0.81112,1.50,1.00
2015.07.08 02:01:49.778,0.8109,0.81112,1.00,1.00
2015.07.08 02:01:50.264,0.8109,0.81115,1.50,1.00
2015.07.08 02:01:51.377,0.8109,0.81113,1.50,1.00
2015.07.08 02:01:51.718,0.81088,0.81112,1.50,1.37
2015.07.08 02:01:52.019,0.81088,0.81112,1.50,1.37
2015.07.08 02:01:52.170,0.81088,0.81112,1.50,1.37
2015.07.08 02:01:52.372,0.81088,0.81112,1.00,1.50
2015.07.08 02:01:52.473,0.81085,0.81109,1.50,1.37
2015.07.08 02:01:52.848,0.81085,0.81109,1.00,1.37
2015.07.08 02:01:54.151,0.81085,0.81106,1.00,1.00
2015.07.08 02:01:55.730,0.81082,0.81106,1.37,1.00
2015.07.08 02:01:55.881,0.81081,0.81106,1.87,1.37
2015.07.08 02:01:55.932,0.81081,0.81103,1.37,1.00
2015.07.08 02:01:56.084,0.8108,0.81103,1.12,1.12
2015.07.08 02:01:56.706,0.8108,0.81103,1.37,1.00
2015.07.08 02:02:00.376,0.8108,0.81103,1.00,1.00
2015.07.08 02:02:00.664,0.8108,0.81103,1.37,1.00
2015.07.08 02:02:01.304,0.8108,0.81103,1.00,1.12
2015.07.08 02:02:01.844,0.8108,0.81103,1.00,1.37
2015.07.08 02:02:01.895,0.81082,0.81103,1.00,1.00
2015.07.08 02:02:01.946,0.81082,0.81105,1.50,1.00
2015.07.08 02:02:02.047,0.81082,0.81107,1.50,1.00
2015.07.08 02:02:02.249,0.81085,0.81108,1.00,1.00
2015.07.08 02:02:02.299,0.81085,0.8111,1.00,1.00
2015.07.08 02:02:02.451,0.81088,0.81111,1.00,1.00
2015.07.08 02:02:02.502,0.81088,0.81113,1.00,1.50
2015.07.08 02:02:02.653,0.81091,0.81113,1.00,1.00
2015.07.08 02:02:02.805,0.81091,0.81116,1.50,1.37
2015.07.08 02:02:03.049,0.81093,0.81116,1.37,1.00
2015.07.08 02:02:03.650,0.81095,0.81116,1.00,1.00
2015.07.08 02:02:04.001,0.81096,0.81119,1.00,1.00
2015.07.08 02:02:04.859,0.811,0.81119,1.00,1.00
2015.07.08 02:02:05.396,0.81097,0.81119,1.00,1.00
2015.07.08 02:02:06.462,0.81096,0.81119,1.12,1.00
2015.07.08 02:02:06.878,0.81098,0.81123,1.00,2.25
2015.07.08 02:02:06.980,0.81098,0.81123,1.50,1.37
2015.07.08 02:02:07.030,0.811,0.81123,1.00,1.37
2015.07.08 02:02:07.182,0.811,0.81123,1.00,1.00
2015.07.08 02:02:07.384,0.81098,0.81123,1.00,1.00
2015.07.08 02:02:08.225,0.81098,0.81123,1.50,1.50
2015.07.08 02:02:16.363,0.81097,0.8112,1.00,1.37
2015.07.08 02:02:16.413,0.81095,0.8112,2.25,1.37
2015.07.08 02:02:16.939,0.81095,0.8112,2.25,1.12
2015.07.08 02:02:16.990,0.81095,0.81116,1.50,1.00
2015.07.08 02:02:17.511,0.81094,0.81116,1.00,1.37
2015.07.08 02:02:18.055,0.81095,0.81116,1.00,1.37
2015.07.08 02:02:18.944,0.81095,0.81116,1.00,1.00
2015.07.08 02:02:18.995,0.81095,0.81119,1.00,1.00
2015.07.08 02:02:20.347,0.81095,0.81119,1.00,1.37
2015.07.08 02:02:20.499,0.81091,0.81114,1.00,1.00
2015.07.08 02:02:21.269,0.81091,0.81114,1.00,1.37
2015.07.08 02:02:21.805,0.81089,0.81114,1.50,1.37
2015.07.08 02:02:23.713,0.81089,0.81114,1.50,1.37
2015.07.08 02:02:24.260,0.81089,0.81114,1.50,1.37
2015.07.08 02:02:24.723,0.81089,0.81113,1.50,1.75
2015.07.08 02:02:24.825,0.81086,0.81111,1.00,2.25
2015.07.08 02:02:24.926,0.81085,0.81107,1.00,1.50
2015.07.08 02:02:24.976,0.81083,0.81107,1.00,1.50
2015.07.08 02:02:25.083,0.81081,0.81104,1.50,1.37
2015.07.08 02:02:25.134,0.8108,0.81104,1.00,1.00
2015.07.08 02:02:25.487,0.81078,0.811,1.00,1.00
2015.07.08 02:02:25.789,0.81076,0.811,1.00,1.00
2015.07.08 02:02:26.841,0.81076,0.811,1.00,1.37
2015.07.08 02:02:27.141,0.81076,0.811,1.00,1.37
2015.07.08 02:02:27.419,0.81079,0.811,1.00,1.00
2015.07.08 02:02:27.892,0.81081,0.81103,1.00,1.50
2015.07.08 02:02:28.185,0.81083,0.81103,1.00,1.50
2015.07.08 02:02:28.607,0.81081,0.81103,1.00,1.00
2015.07.08 02:02:28.910,0.8108,0.81101,1.00,1.00
2015.07.08 02:02:29.061,0.81076,0.81098,1.00,1.12
2015.07.08 02:02:29.213,0.81076,0.81096,1.00,1.00
2015.07.08 02:02:29.667,0.81074,0.81096,1.00,1.00
2015.07.08 02:02:29.869,0.81071,0.81096,1.50,1.00
2015.07.08 02:02:29.920,0.81071,0.81092,1.00,1.00
2015.07.08 02:02:30.223,0.81067,0.8109,1.00,1.00
2015.07.08 02:02:30.274,0.81067,0.8109,1.00,1.37
2015.07.08 02:02:30.784,0.81068,0.8109,1.00,1.37
2015.07.08 02:02:31.185,0.81065,0.8109,1.50,1.87
2015.07.08 02:02:31.337,0.8107,0.81087,1.00,1.12
2015.07.08 02:02:31.648,0.81066,0.81087,1.00,1.12
2015.07.08 02:02:32.253,0.81065,0.81087,1.00,1.00
2015.07.08 02:02:32.354,0.8107,0.81087,1.00,1.00
2015.07.08 02:02:32.556,0.81066,0.81087,1.00,1.12
2015.07.08 02:02:33.067,0.81065,0.81087,1.50,1.12
2015.07.08 02:02:33.118,0.8107,0.81087,1.00,1.12
2015.07.08 02:02:33.572,0.8107,0.8109,1.00,1.37
2015.07.08 02:02:33.673,0.81066,0.8109,1.00,1.37
2015.07.08 02:02:34.087,0.8107,0.8109,1.00,1.87
2015.07.08 02:02:34.684,0.81066,0.8109,1.00,1.50
2015.07.08 02:02:34.901,0.81063,0.81088,1.50,1.37
2015.07.08 02:02:35.103,0.81065,0.81088,1.00,1.37
2015.07.08 02:02:35.407,0.8106,0.81077,1.00,1.12
2015.07.08 02:02:35.659,0.81059,0.8108,1.00,1.60
2015.07.08 02:02:36.063,0.81065,0.81084,1.00,1.00
2015.07.08 02:02:36.377,0.8106,0.81085,2.25,1.60
2015.07.08 02:02:36.528,0.8106,0.81085,1.50,1.50
2015.07.08 02:02:36.630,0.81065,0.81085,1.00,1.50
2015.07.08 02:02:37.516,0.81065,0.81085,1.00,2.10
2015.07.08 02:02:37.617,0.8106,0.81085,1.50,2.10
2015.07.08 02:02:37.962,0.8106,0.81082,1.50,1.60
2015.07.08 02:02:38.466,0.8106,0.81081,1.00,1.00
2015.07.08 02:02:40.630,0.8106,0.81081,1.00,1.37
2015.07.08 02:02:42.635,0.8106,0.81081,1.00,1.37
2015.07.08 02:02:43.142,0.8106,0.81081,1.00,1.37
2015.07.08 02:02:43.613,0.81065,0.81081,1.00,1.37
2015.07.08 02:02:45.300,0.8106,0.81081,1.00,1.37
2015.07.08 02:02:45.858,0.8106,0.81084,1.00,1.37
2015.07.08 02:02:46.059,0.81062,0.81087,1.00,2.47
2015.07.08 02:02:46.362,0.81062,0.81085,1.00,1.72
2015.07.08 02:02:46.463,0.8106,0.81083,1.00,1.37
2015.07.08 02:02:46.614,0.81065,0.81083,1.00,1.37
2015.07.08 02:02:48.459,0.81065,0.81083,1.00,1.37
2015.07.08 02:02:48.963,0.8106,0.81083,1.00,1.37
2015.07.08 02:02:49.064,0.81064,0.81083,1.00,1.37
2015.07.08 02:02:49.457,0.81064,0.81083,1.00,1.75
2015.07.08 02:02:49.608,0.81055,0.81075,1.00,1.30
2015.07.08 02:02:49.659,0.81055,0.81072,1.00,1.37
2015.07.08 02:02:49.810,0.8105,0.81071,1.00,1.37
2015.07.08 02:02:50.387,0.81049,0.81072,1.00,1.50
2015.07.08 02:02:51.071,0.81049,0.81072,1.00,2.25
2015.07.08 02:02:51.122,0.81047,0.81071,1.00,1.50
2015.07.08 02:02:51.746,0.81047,0.81072,1.00,2.25
2015.07.08 02:02:54.488,0.81047,0.81072,1.00,1.87
2015.07.08 02:02:54.539,0.8105,0.81072,1.00,1.87
2015.07.08 02:02:55.076,0.8105,0.81072,1.00,2.25
2015.07.08 02:02:57.166,0.81047,0.81072,1.00,2.25
2015.07.08 02:02:57.489,0.81045,0.81069,1.00,1.37
2015.07.08 02:02:57.590,0.81045,0.81069,1.00,1.75
2015.07.08 02:02:57.944,0.8104,0.81065,3.00,1.37
2015.07.08 02:02:59.296,0.81045,0.81065,1.00,1.37
2015.07.08 02:03:00.900,0.81045,0.81065,1.00,1.37
2015.07.08 02:03:01.060,0.8104,0.81065,1.00,1.87
2015.07.08 02:03:01.110,0.8104,0.81065,1.00,2.25
2015.07.08 02:03:01.702,0.8104,0.81065,1.00,1.87
2015.07.08 02:03:03.070,0.8104,0.81065,2.25,1.37
2015.07.08 02:03:03.476,0.81045,0.81065,1.00,1.37
2015.07.08 02:03:03.809,0.8104,0.81065,2.25,1.37
2015.07.08 02:03:05.212,0.81045,0.81065,1.00,1.37
2015.07.08 02:03:06.401,0.81045,0.81059,1.00,1.00
2015.07.08 02:03:06.452,0.81038,0.81059,1.00,1.37
2015.07.08 02:03:06.503,0.81035,0.81059,1.00,1.37
2015.07.08 02:03:06.817,0.81034,0.81059,2.25,1.00
2015.07.08 02:03:07.318,0.81035,0.81059,1.00,1.00
2015.07.08 02:03:07.519,0.81035,0.81059,1.00,1.37
2015.07.08 02:03:08.354,0.81035,0.81057,1.00,1.37
2015.07.08 02:03:09.836,0.81035,0.81057,1.00,1.37
2015.07.08 02:03:10.095,0.81035,0.81059,1.00,1.50
2015.07.08 02:03:12.121,0.81035,0.81059,1.12,1.00
2015.07.08 02:03:12.171,0.81037,0.81061,1.00,1.50
2015.07.08 02:03:12.846,0.81035,0.8106,1.50,1.00
2015.07.08 02:03:13.353,0.81035,0.81059,1.00,1.00
2015.07.08 02:03:14.243,0.8104,0.81059,1.00,1.00
2015.07.08 02:03:14.837,0.8104,0.81059,1.00,1.37
2015.07.08 02:03:15.646,0.81035,0.81059,1.00,1.37
2015.07.08 02:03:19.415,0.81035,0.8106,1.00,2.25
2015.07.08 02:03:24.596,0.81034,0.8106,2.25,2.25
2015.07.08 02:03:24.647,0.81034,0.8106,2.25,1.12
2015.07.08 02:03:24.798,0.81045,0.81061,1.00,2.62
2015.07.08 02:03:24.950,0.81045,0.81063,1.00,1.87
2015.07.08 02:03:26.830,0.81045,0.81063,1.00,1.87
2015.07.08 02:03:26.931,0.81038,0.81058,1.00,1.00
2015.07.08 02:03:27.032,0.81035,0.81057,1.00,1.00
2015.07.08 02:03:28.110,0.8104,0.81057,1.00,1.00
2015.07.08 02:03:28.528,0.81035,0.81057,1.00,1.00
2015.07.08 02:03:30.656,0.8104,0.81057,1.00,1.00
2015.07.08 02:03:31.071,0.81035,0.81057,1.50,1.00
2015.07.08 02:03:31.322,0.81036,0.8106,1.00,1.87
2015.07.08 02:03:34.485,0.81036,0.8106,1.50,1.12
2015.07.08 02:03:38.643,0.8104,0.8106,1.00,1.12
2015.07.08 02:03:39.447,0.81039,0.8106,1.00,1.12
2015.07.08 02:03:44.360,0.8104,0.8106,1.00,1.00
2015.07.08 02:03:44.410,0.8104,0.81063,1.00,1.00
2015.07.08 02:03:44.511,0.81045,0.81063,1.00,1.00
2015.07.08 02:03:49.779,0.81044,0.81063,1.50,1.00
2015.07.08 02:03:50.383,0.81045,0.81063,1.00,1.00
2015.07.08 02:03:50.635,0.81045,0.81066,1.00,1.00
2015.07.08 02:03:51.655,0.81044,0.81066,1.12,1.00
2015.07.08 02:03:52.165,0.81045,0.81066,1.00,1.00
2015.07.08 02:03:52.645,0.81045,0.81069,2.62,1.00
2015.07.08 02:03:52.796,0.81048,0.81069,1.00,1.00
2015.07.08 02:03:53.140,0.8105,0.81069,1.00,1.00
2015.07.08 02:03:53.596,0.81048,0.81069,1.00,1.00
2015.07.08 02:03:55.081,0.81047,0.81069,1.35,1.00
2015.07.08 02:03:57.058,0.81047,0.81069,1.35,1.37
2015.07.08 02:03:57.610,0.81046,0.81069,1.60,1.87
2015.07.08 02:03:58.475,0.81046,0.81068,1.60,1.00
2015.07.08 02:03:59.258,0.81046,0.81069,1.60,1.12
2015.07.08 02:03:59.415,0.81045,0.81068,1.50,1.12
2015.07.08 02:03:59.567,0.81044,0.81065,1.00,1.00
2015.07.08 02:03:59.774,0.81041,0.81065,2.47,1.00
2015.07.08 02:04:00.527,0.81041,0.81065,1.50,1.37
2015.07.08 02:04:00.729,0.8104,0.81062,1.50,1.00
2015.07.08 02:04:01.344,0.81039,0.81062,1.50,1.00
2015.07.08 02:04:02.329,0.8104,0.81062,1.00,1.12
2015.07.08 02:04:03.096,0.81042,0.81062,1.00,1.00
2015.07.08 02:04:05.341,0.81043,0.81062,1.00,1.00
2015.07.08 02:04:10.793,0.81043,0.81065,1.00,1.00
2015.07.08 02:04:10.902,0.81045,0.81065,1.00,1.00
2015.07.08 02:04:11.858,0.81045,0.81066,1.50,1.00
2015.07.08 02:04:11.909,0.81046,0.81068,1.00,1.00
2015.07.08 02:04:13.662,0.81047,0.81068,1.00,1.00
2015.07.08 02:04:16.506,0.81046,0.81068,1.00,1.00
2015.07.08 02:04:18.534,0.81045,0.81068,2.25,1.00
2015.07.08 02:04:19.160,0.81045,0.81068,1.50,1.37
2015.07.08 02:04:19.262,0.81045,0.81065,1.00,1.00
2015.07.08 02:04:19.363,0.81042,0.81065,1.00,1.00
2015.07.08 02:04:20.033,0.81041,0.81065,1.00,1.37
2015.07.08 02:04:20.655,0.8104,0.81065,3.00,1.37
2015.07.08 02:04:26.609,0.8104,0.81063,1.50,1.00
2015.07.08 02:04:29.095,0.81041,0.81063,1.00,1.50
2015.07.08 02:04:31.467,0.81041,0.81064,1.00,1.12
2015.07.08 02:04:31.968,0.81041,0.81064,1.00,1.37
2015.07.08 02:04:34.538,0.81041,0.81064,1.00,1.12
2015.07.08 02:04:41.772,0.81042,0.81064,1.00,1.00
2015.07.08 02:04:42.429,0.81042,0.81064,1.00,1.37
2015.07.08 02:04:42.632,0.8104,0.81061,1.50,1.00
2015.07.08 02:04:43.654,0.8104,0.81061,1.00,1.37
2015.07.08 02:04:43.864,0.81037,0.81061,1.50,1.37
2015.07.08 02:04:44.125,0.8104,0.81061,1.00,1.37
2015.07.08 02:04:49.035,0.81036,0.81061,1.50,1.37
2015.07.08 02:04:49.350,0.81036,0.81058,1.00,1.00
2015.07.08 02:04:50.907,0.81035,0.81058,1.87,1.00
2015.07.08 02:04:51.394,0.81036,0.81058,1.37,1.00
2015.07.08 02:04:51.696,0.8104,0.81061,1.00,1.12
2015.07.08 02:04:53.354,0.8104,0.81061,1.37,1.00
2015.07.08 02:04:53.556,0.81042,0.81065,1.12,1.87
2015.07.08 02:04:54.066,0.8104,0.81064,1.87,1.50
2015.07.08 02:04:55.021,0.8104,0.81064,1.87,1.50
2015.07.08 02:04:55.122,0.81045,0.81064,1.00,1.50
2015.07.08 02:04:57.027,0.81045,0.81066,1.00,1.00
2015.07.08 02:05:01.953,0.81046,0.81068,1.00,1.00
2015.07.08 02:05:02.939,0.81045,0.81067,1.37,1.00
2015.07.08 02:05:03.090,0.81053,0.81075,1.37,1.00
2015.07.08 02:05:03.482,0.81055,0.8108,2.25,1.50
2015.07.08 02:05:04.656,0.8106,0.8108,1.00,1.00
2015.07.08 02:05:06.106,0.8106,0.81078,1.00,1.00
2015.07.08 02:05:06.668,0.8106,0.81077,1.00,1.00
2015.07.08 02:05:10.157,0.8106,0.8108,1.00,1.37
2015.07.08 02:05:12.142,0.8106,0.8108,1.00,1.00
2015.07.08 02:05:12.294,0.8106,0.81082,1.00,1.00
2015.07.08 02:05:12.750,0.81065,0.81084,1.12,1.50
2015.07.08 02:05:13.161,0.81075,0.8109,1.00,1.00
2015.07.08 02:05:13.703,0.81075,0.81091,1.00,1.00
2015.07.08 02:05:14.577,0.8107,0.81091,1.37,1.00
2015.07.08 02:05:14.678,0.81069,0.81094,1.50,1.37
2015.07.08 02:05:15.204,0.8107,0.8109,1.00,1.00
2015.07.08 02:05:15.976,0.8107,0.8109,1.00,1.37
2015.07.08 02:05:16.027,0.81065,0.8109,2.25,1.37
2015.07.08 02:05:16.653,0.81065,0.8109,2.62,1.00
2015.07.08 02:05:20.182,0.81066,0.8109,1.87,1.00
2015.07.08 02:05:20.284,0.8107,0.8109,1.00,1.00
2015.07.08 02:05:21.386,0.81065,0.8109,1.50,2.25
2015.07.08 02:05:21.690,0.81065,0.81082,1.00,1.12
2015.07.08 02:05:22.158,0.81065,0.81082,1.00,1.37
2015.07.08 02:05:22.411,0.8106,0.81082,1.00,1.87
2015.07.08 02:05:22.512,0.81057,0.81082,1.00,1.87
2015.07.08 02:05:23.212,0.81056,0.81079,1.00,1.00
2015.07.08 02:05:25.489,0.81055,0.81079,1.50,1.12
2015.07.08 02:05:25.590,0.81055,0.81079,1.50,1.37
2015.07.08 02:05:25.893,0.81051,0.81075,1.00,1.00
2015.07.08 02:05:25.996,0.81053,0.81075,1.00,1.00
2015.07.08 02:05:26.466,0.81055,0.81075,1.00,1.00
2015.07.08 02:05:29.415,0.81054,0.81075,1.00,1.00
2015.07.08 02:05:29.923,0.81055,0.81075,1.00,1.00
2015.07.08 02:05:30.339,0.81055,0.81079,1.50,1.00
2015.07.08 02:05:30.793,0.81057,0.81079,1.00,1.00
2015.07.08 02:05:31.726,0.8106,0.81079,1.00,1.00
2015.07.08 02:05:32.130,0.8106,0.81082,1.00,1.00
2015.07.08 02:05:34.646,0.8106,0.81082,1.00,1.87
2015.07.08 02:05:36.587,0.81057,0.81082,1.00,1.87
2015.07.08 02:05:36.637,0.81057,0.81079,1.00,1.37
2015.07.08 02:05:36.789,0.81055,0.81078,1.00,1.37
2015.07.08 02:05:37.356,0.81055,0.81078,1.00,1.37
2015.07.08 02:05:37.787,0.8106,0.81078,1.00,1.00
2015.07.08 02:05:38.140,0.8106,0.81081,1.00,1.12
2015.07.08 02:05:38.456,0.8106,0.81079,1.00,1.00
2015.07.08 02:05:38.895,0.8106,0.81072,1.00,1.00
2015.07.08 02:05:38.946,0.8105,0.81072,1.50,1.12
2015.07.08 02:05:40.133,0.81055,0.81072,1.00,1.12
2015.07.08 02:05:40.770,0.81051,0.81072,1.00,1.00
2015.07.08 02:05:40.821,0.81053,0.81077,2.10,1.50
2015.07.08 02:05:41.073,0.81055,0.81077,1.50,1.00
2015.07.08 02:05:41.124,0.81056,0.81081,1.00,1.87
2015.07.08 02:05:41.691,0.81055,0.81078,1.50,1.00
2015.07.08 02:05:42.204,0.81056,0.81078,1.00,1.00
2015.07.08 02:05:42.406,0.8106,0.8108,1.00,1.12
2015.07.08 02:05:42.908,0.8106,0.81079,1.00,1.00
2015.07.08 02:05:42.958,0.81055,0.81079,1.50,1.50
2015.07.08 02:05:43.777,0.81056,0.81079,1.00,1.50
2015.07.08 02:05:44.395,0.81057,0.81079,1.00,1.50
2015.07.08 02:05:44.838,0.81055,0.81076,1.00,1.00
2015.07.08 02:05:45.576,0.81051,0.81076,1.50,1.87
2015.07.08 02:05:45.728,0.81051,0.81073,1.00,1.00
2015.07.08 02:05:46.464,0.8105,0.81073,2.25,1.00
2015.07.08 02:05:47.058,0.81051,0.81073,1.00,1.00
2015.07.08 02:05:47.817,0.8105,0.81073,1.00,1.87
2015.07.08 02:05:48.019,0.81048,0.81073,1.50,1.50
2015.07.08 02:05:48.316,0.81048,0.8107,1.50,1.00
2015.07.08 02:05:48.367,0.81046,0.81069,1.00,1.00
2015.07.08 02:05:52.104,0.81047,0.81069,1.00,1.00
2015.07.08 02:05:52.285,0.8105,0.81069,1.00,1.00
2015.07.08 02:05:56.698,0.8105,0.81073,1.00,2.62
2015.07.08 02:05:57.164,0.81051,0.81075,1.50,1.12
2015.07.08 02:05:57.615,0.81051,0.81072,1.50,1.00
2015.07.08 02:05:57.968,0.8105,0.8107,1.00,1.12
2015.07.08 02:05:58.309,0.81047,0.81071,1.50,1.00
2015.07.08 02:05:58.360,0.81047,0.81069,1.50,1.00
2015.07.08 02:05:58.667,0.8105,0.81069,1.00,1.00
2015.07.08 02:05:59.085,0.8105,0.81071,1.00,1.00
2015.07.08 02:05:59.326,0.81047,0.81071,2.25,1.00
2015.07.08 02:05:59.749,0.81046,0.81069,2.25,1.00
2015.07.08 02:06:00.226,0.81047,0.81071,1.00,1.12
2015.07.08 02:06:00.750,0.81047,0.8107,1.00,1.00
2015.07.08 02:06:00.952,0.81047,0.81072,1.50,1.87
2015.07.08 02:06:01.479,0.81048,0.81072,1.50,1.00
2015.07.08 02:06:01.530,0.8105,0.81072,1.00,1.00
2015.07.08 02:06:01.914,0.8105,0.81075,1.00,1.30
2015.07.08 02:06:02.233,0.81052,0.81076,1.00,2.62
2015.07.08 02:06:02.536,0.81053,0.81078,1.00,1.50
2015.07.08 02:06:03.731,0.81055,0.81078,1.00,1.50
2015.07.08 02:06:04.234,0.81054,0.81078,1.00,1.00
2015.07.08 02:06:06.035,0.81055,0.81078,1.00,1.00
2015.07.08 02:06:08.579,0.81056,0.81081,1.00,2.62
2015.07.08 02:06:09.100,0.81057,0.81081,1.00,1.87
2015.07.08 02:06:10.368,0.81057,0.81081,1.00,1.87
2015.07.08 02:06:10.569,0.81057,0.81081,1.00,1.87
2015.07.08 02:06:11.107,0.81056,0.81081,1.00,1.87
2015.07.08 02:06:11.416,0.8106,0.81081,1.00,1.87
2015.07.08 02:06:12.473,0.8106,0.81081,1.12,1.00
2015.07.08 02:06:12.574,0.81062,0.81085,1.12,1.00
2015.07.08 02:06:12.675,0.81065,0.81085,1.50,1.00
2015.07.08 02:06:12.777,0.81067,0.81089,1.00,1.12
2015.07.08 02:06:13.307,0.81068,0.81089,1.00,1.00
2015.07.08 02:06:13.509,0.81068,0.81092,1.00,1.37
2015.07.08 02:06:15.096,0.81069,0.81092,1.00,1.37
2015.07.08 02:06:15.718,0.81068,0.81092,1.00,1.37
2015.07.08 02:06:18.875,0.81069,0.81092,1.00,1.37
2015.07.08 02:06:19.494,0.81068,0.81092,1.50,1.37
2015.07.08 02:06:20.613,0.81069,0.81092,1.00,1.37
2015.07.08 02:06:21.584,0.81068,0.81092,1.50,1.37
2015.07.08 02:06:22.134,0.81069,0.81092,1.50,1.37
2015.07.08 02:06:25.250,0.8107,0.81092,1.00,1.37
2015.07.08 02:06:27.154,0.81068,0.81092,1.50,1.37
2015.07.08 02:06:29.505,0.81068,0.81089,1.50,1.00
2015.07.08 02:06:29.606,0.81068,0.81093,2.25,1.37
2015.07.08 02:06:31.775,0.81069,0.81093,1.00,1.37
2015.07.08 02:06:33.928,0.81069,0.81093,1.00,1.37
2015.07.08 02:06:34.480,0.8107,0.81093,1.00,1.37
2015.07.08 02:06:35.669,0.8107,0.81093,2.62,1.12
2015.07.08 02:06:35.724,0.81072,0.81096,1.00,1.37
2015.07.08 02:06:36.037,0.81072,0.81097,1.50,1.37
2015.07.08 02:06:36.240,0.81073,0.81097,1.37,1.00
2015.07.08 02:06:36.442,0.81083,0.81107,1.00,1.12
2015.07.08 02:06:37.147,0.81084,0.81106,1.00,1.12
2015.07.08 02:06:39.850,0.81085,0.81106,1.00,1.12
2015.07.08 02:06:40.955,0.81084,0.81108,1.00,1.37
2015.07.08 02:06:41.056,0.81082,0.81107,1.00,1.87
2015.07.08 02:06:41.770,0.81081,0.81106,1.12,1.87
2015.07.08 02:06:42.811,0.8108,0.81106,3.00,1.87
2015.07.08 02:06:42.862,0.8108,0.81101,1.00,1.00
2015.07.08 02:06:43.472,0.8108,0.81104,1.50,1.00
2015.07.08 02:06:44.015,0.81081,0.81104,1.00,1.00
2015.07.08 02:06:44.945,0.8108,0.81104,2.25,1.00
2015.07.08 02:06:45.521,0.81081,0.81104,1.50,1.00
2015.07.08 02:06:46.242,0.81082,0.81104,1.00,1.00
2015.07.08 02:06:46.776,0.81081,0.81104,1.00,1.12
2015.07.08 02:06:47.379,0.81079,0.81104,1.50,1.87
2015.07.08 02:06:47.930,0.8108,0.81104,1.50,1.50
2015.07.08 02:06:48.696,0.8108,0.81104,1.00,1.37
2015.07.08 02:06:59.872,0.8108,0.81104,1.50,1.50
2015.07.08 02:07:00.527,0.8108,0.81103,1.00,1.00
2015.07.08 02:07:07.671,0.81079,0.81103,1.50,1.37
2015.07.08 02:07:08.387,0.81079,0.81103,1.50,1.87
2015.07.08 02:07:08.711,0.81076,0.81101,1.50,1.87
2015.07.08 02:07:09.212,0.81076,0.81101,1.00,1.87
2015.07.08 02:07:09.947,0.81076,0.81101,1.50,1.37
2015.07.08 02:07:10.465,0.81077,0.81101,1.00,1.37
2015.07.08 02:07:11.769,0.81077,0.81101,1.87,1.00
2015.07.08 02:07:11.920,0.81079,0.81103,1.00,1.37
2015.07.08 02:07:12.424,0.81079,0.81103,1.00,1.12
2015.07.08 02:07:12.997,0.8108,0.81103,2.25,1.00
2015.07.08 02:07:15.443,0.81081,0.81103,1.00,1.00
2015.07.08 02:07:16.034,0.81082,0.81103,1.00,1.00
2015.07.08 02:07:16.914,0.81081,0.81103,1.50,1.00
2015.07.08 02:07:17.446,0.8108,0.81103,1.50,1.12
2015.07.08 02:07:18.697,0.81082,0.81104,1.50,1.12
2015.07.08 02:07:18.748,0.81082,0.81106,1.50,1.50
2015.07.08 02:07:19.357,0.81082,0.81106,1.50,1.87
2015.07.08 02:07:20.259,0.81082,0.81106,1.50,1.50
2015.07.08 02:07:20.910,0.81082,0.81106,1.00,1.87
2015.07.08 02:07:22.062,0.81082,0.81106,1.50,1.50
2015.07.08 02:07:22.654,0.81082,0.81106,1.50,1.87
2015.07.08 02:07:23.765,0.81082,0.81106,1.50,1.50
2015.07.08 02:07:24.065,0.81082,0.81106,1.50,2.47
2015.07.08 02:07:24.234,0.8108,0.81103,1.00,2.47
2015.07.08 02:07:24.284,0.8108,0.81103,1.00,2.62
2015.07.08 02:07:24.587,0.81083,0.81107,1.50,1.87
2015.07.08 02:07:25.160,0.81082,0.81106,1.00,1.37
2015.07.08 02:07:26.523,0.81082,0.81107,1.50,3.22
2015.07.08 02:07:26.725,0.8108,0.81105,1.12,3.22
2015.07.08 02:07:26.775,0.81082,0.81105,1.00,3.37
2015.07.08 02:07:27.190,0.81085,0.81105,1.37,1.50
2015.07.08 02:07:27.240,0.81094,0.81115,1.00,1.00
2015.07.08 02:07:27.920,0.81096,0.81115,1.50,1.00
2015.07.08 02:07:28.071,0.811,0.81124,1.87,1.00
2015.07.08 02:07:28.671,0.81102,0.81124,1.00,1.00
2015.07.08 02:07:29.124,0.81101,0.81119,1.00,1.72
2015.07.08 02:07:29.226,0.81097,0.81117,1.00,1.37
2015.07.08 02:07:29.327,0.81092,0.81113,1.00,1.00
2015.07.08 02:07:29.428,0.8109,0.81113,1.50,1.00
2015.07.08 02:07:34.387,0.8109,0.81113,1.00,1.37
2015.07.08 02:07:34.488,0.81087,0.81113,3.37,1.37
2015.07.08 02:07:34.589,0.81092,0.81113,1.00,1.37
2015.07.08 02:07:35.892,0.8109,0.81113,1.00,1.37
2015.07.08 02:07:38.994,0.8109,0.81113,1.12,1.00
2015.07.08 02:07:39.095,0.81092,0.81113,1.00,1.00
2015.07.08 02:07:39.713,0.81092,0.81114,1.00,2.25
2015.07.08 02:07:40.226,0.81091,0.81114,1.00,2.25
2015.07.08 02:07:41.201,0.81089,0.81114,1.12,2.62
2015.07.08 02:07:41.623,0.81091,0.81114,1.00,2.25
2015.07.08 02:07:50.024,0.81091,0.81114,1.37,1.50
2015.07.08 02:07:50.550,0.81092,0.81115,1.12,1.00
2015.07.08 02:07:52.314,0.81091,0.81115,1.87,1.00
2015.07.08 02:07:54.625,0.81095,0.81115,1.00,1.00
2015.07.08 02:07:55.373,0.81093,0.81115,1.00,1.00
2015.07.08 02:07:57.388,0.81093,0.81117,1.50,1.50
2015.07.08 02:07:57.794,0.81095,0.81117,1.00,1.50
2015.07.08 02:07:58.298,0.81096,0.81118,1.00,1.00
2015.07.08 02:07:58.399,0.81096,0.8112,1.50,1.00
2015.07.08 02:07:58.500,0.81099,0.8112,1.00,1.00
2015.07.08 02:07:58.601,0.81097,0.8112,1.12,1.00
2015.07.08 02:07:58.702,0.811,0.8112,1.00,1.00
2015.07.08 02:07:58.904,0.81098,0.8112,1.00,1.00
2015.07.08 02:07:59.689,0.81097,0.8112,1.00,1.00
2015.07.08 02:08:00.212,0.81098,0.8112,1.00,1.00
2015.07.08 02:08:00.891,0.81097,0.8112,1.00,1.00
2015.07.08 02:08:00.993,0.81099,0.8112,1.00,1.00
2015.07.08 02:08:01.094,0.81099,0.81124,1.00,2.25
2015.07.08 02:08:01.683,0.81099,0.81123,1.50,1.00
2015.07.08 02:08:01.784,0.81101,0.81123,1.00,1.00
2015.07.08 02:08:03.335,0.81101,0.81124,1.00,2.25
2015.07.08 02:08:04.405,0.81102,0.81125,1.00,1.00
2015.07.08 02:08:05.154,0.81102,0.81126,1.00,1.00
2015.07.08 02:08:05.458,0.81101,0.81124,1.00,1.00
2015.07.08 02:08:06.669,0.81101,0.81125,1.00,1.50
2015.07.08 02:08:06.971,0.81103,0.81127,1.00,1.87
2015.07.08 02:08:07.375,0.81103,0.81126,1.00,1.37
2015.07.08 02:08:08.215,0.81103,0.81123,1.00,1.00
2015.07.08 02:08:09.704,0.81103,0.81127,1.00,2.62
2015.07.08 02:08:10.121,0.811,0.81123,1.50,1.00
2015.07.08 02:08:10.222,0.811,0.81126,3.37,1.87
2015.07.08 02:08:10.575,0.81104,0.81129,1.00,1.87
2015.07.08 02:08:10.878,0.81111,0.81134,1.00,1.37
2015.07.08 02:08:10.979,0.81111,0.81135,1.00,1.12
2015.07.08 02:08:11.181,0.81113,0.81136,1.00,1.00
2015.07.08 02:08:11.407,0.81114,0.81138,1.00,1.00
2015.07.08 02:08:11.916,0.81114,0.81137,1.00,1.00
2015.07.08 02:08:11.967,0.81111,0.81136,1.50,1.50
2015.07.08 02:08:12.480,0.81112,0.81136,1.00,1.00
2015.07.08 02:08:13.158,0.81111,0.81136,1.50,1.00
2015.07.08 02:08:13.683,0.81112,0.81136,1.00,1.00
2015.07.08 02:08:14.320,0.81114,0.81136,1.00,1.00
2015.07.08 02:08:14.857,0.81113,0.81136,1.00,1.00
2015.07.08 02:08:17.702,0.81112,0.81136,1.00,1.00
2015.07.08 02:08:19.304,0.81113,0.81136,1.00,1.00
2015.07.08 02:08:19.844,0.81112,0.81136,1.00,1.12
2015.07.08 02:08:20.348,0.81111,0.81136,2.25,1.12
2015.07.08 02:08:20.708,0.81111,0.81136,1.50,1.87
2015.07.08 02:08:22.478,0.81114,0.81136,1.00,1.37
2015.07.08 02:08:22.940,0.81119,0.81142,1.12,1.00
2015.07.08 02:08:24.922,0.81119,0.8114,1.00,1.37
2015.07.08 02:08:25.073,0.81117,0.81139,1.00,1.00
2015.07.08 02:08:25.584,0.81116,0.81139,1.00,1.00
2015.07.08 02:08:26.317,0.81118,0.81139,1.00,1.00
2015.07.08 02:08:27.079,0.8112,0.8114,1.00,1.12
2015.07.08 02:08:27.413,0.81118,0.81141,1.00,1.37
2015.07.08 02:08:27.957,0.81118,0.81141,1.00,1.87
2015.07.08 02:08:28.843,0.81119,0.81141,1.00,1.12
2015.07.08 02:08:29.201,0.81119,0.81139,1.00,1.00
2015.07.08 02:08:29.739,0.81118,0.81139,1.00,1.00
2015.07.08 02:08:31.697,0.81118,0.8114,1.00,1.00
2015.07.08 02:08:32.448,0.81118,0.81141,1.00,1.12
2015.07.08 02:08:32.801,0.8112,0.81141,1.00,1.00
2015.07.08 02:08:33.305,0.81119,0.81141,1.00,1.00
2015.07.08 02:08:33.761,0.81117,0.81136,1.00,1.00
2015.07.08 02:08:33.811,0.81115,0.81135,1.00,1.00
2015.07.08 02:08:34.074,0.81112,0.81135,1.00,1.00
2015.07.08 02:08:34.578,0.81112,0.81134,1.00,1.00
2015.07.08 02:08:35.918,0.81112,0.81135,1.00,1.50
2015.07.08 02:08:36.437,0.81112,0.81134,1.00,1.00
2015.07.08 02:08:36.777,0.81112,0.81136,1.00,1.00
2015.07.08 02:08:37.325,0.81113,0.81136,1.00,1.00
2015.07.08 02:08:37.843,0.81112,0.81136,1.50,1.12
2015.07.08 02:08:38.142,0.81121,0.81137,1.00,1.00
2015.07.08 02:08:38.196,0.81121,0.81144,1.00,2.62
2015.07.08 02:08:38.503,0.81123,0.81144,1.00,1.00
2015.07.08 02:08:38.553,0.81123,0.81147,1.00,1.00
2015.07.08 02:08:39.222,0.81125,0.8115,1.50,2.62
2015.07.08 02:08:39.757,0.81126,0.8115,1.00,2.62
2015.07.08 02:08:43.081,0.81125,0.8115,2.25,2.62
2015.07.08 02:08:43.384,0.81135,0.81155,1.50,1.00
2015.07.08 02:08:43.434,0.81135,0.81159,2.25,1.50
2015.07.08 02:08:43.766,0.81137,0.8116,1.50,1.00
2015.07.08 02:08:44.272,0.81138,0.81161,1.12,1.12
2015.07.08 02:08:45.679,0.81138,0.81162,1.87,1.00
2015.07.08 02:08:46.279,0.81139,0.81161,1.00,1.00
2015.07.08 02:08:48.482,0.81139,0.81162,1.00,1.00
2015.07.08 02:08:49.902,0.81137,0.81162,2.62,1.00
2015.07.08 02:08:59.327,0.8114,0.81162,1.12,1.00
2015.07.08 02:08:59.630,0.81142,0.81163,1.00,1.37
2015.07.08 02:08:59.681,0.81142,0.81163,1.00,1.12
2015.07.08 02:08:59.984,0.81138,0.8116,1.00,1.50
2015.07.08 02:09:00.494,0.81137,0.8116,1.00,1.00
2015.07.08 02:09:00.645,0.81139,0.81161,1.00,1.00
2015.07.08 02:09:00.796,0.81136,0.81159,1.50,1.00
2015.07.08 02:09:00.897,0.81136,0.81161,1.50,1.00
2015.07.08 02:09:01.049,0.81138,0.81161,1.00,1.00
2015.07.08 02:09:02.001,0.81137,0.81161,1.50,1.00
2015.07.08 02:09:02.747,0.81138,0.81161,1.00,1.00
2015.07.08 02:09:03.043,0.81136,0.81161,2.25,1.00
2015.07.08 02:09:03.556,0.81137,0.81161,1.00,1.00
2015.07.08 02:09:04.134,0.81136,0.81161,2.25,1.00
2015.07.08 02:09:04.647,0.81137,0.81161,1.00,1.00
2015.07.08 02:09:05.157,0.81138,0.81161,1.00,1.00
2015.07.08 02:09:05.661,0.81139,0.81161,1.00,1.00
2015.07.08 02:09:05.762,0.81141,0.81161,1.00,1.00
2015.07.08 02:09:06.360,0.8114,0.81161,1.00,1.00
2015.07.08 02:09:07.046,0.81141,0.81161,1.00,1.00
2015.07.08 02:09:07.248,0.81139,0.81161,1.00,1.00
2015.07.08 02:09:08.207,0.81138,0.81161,1.00,1.50
2015.07.08 02:09:08.409,0.81136,0.8116,1.50,1.00
2015.07.08 02:09:09.291,0.81136,0.81161,1.50,1.87
2015.07.08 02:09:10.587,0.81137,0.81161,1.00,1.87
2015.07.08 02:09:13.160,0.81136,0.81161,1.50,2.62
2015.07.08 02:09:13.843,0.81137,0.81161,1.00,2.62
2015.07.08 02:09:14.364,0.81136,0.81161,1.00,2.62
2015.07.08 02:09:16.267,0.81138,0.81161,1.00,1.50
2015.07.08 02:09:16.622,0.81135,0.8116,1.87,1.00
2015.07.08 02:09:18.726,0.81135,0.8116,1.00,2.62
2015.07.08 02:09:23.194,0.81135,0.81157,1.00,1.00
2015.07.08 02:09:27.481,0.81135,0.81158,1.00,1.12
2015.07.08 02:09:28.103,0.81135,0.81157,1.00,1.00
2015.07.08 02:09:28.850,0.81135,0.81156,1.00,1.00
2015.07.08 02:09:29.511,0.81133,0.81156,1.00,1.50
2015.07.08 02:09:29.562,0.81131,0.81156,1.50,1.50
2015.07.08 02:09:30.170,0.81131,0.81155,1.50,1.00
2015.07.08 02:09:31.885,0.8113,0.81153,1.00,1.50
2015.07.08 02:09:32.417,0.81128,0.81152,2.10,1.00
2015.07.08 02:09:32.921,0.81128,0.81151,1.00,1.00
2015.07.08 02:09:35.228,0.81128,0.8115,1.00,1.12
2015.07.08 02:09:35.285,0.81124,0.81147,1.00,1.00
2015.07.08 02:09:35.487,0.81121,0.81146,1.00,1.00
2015.07.08 02:09:39.440,0.81122,0.81146,1.00,1.12
2015.07.08 02:09:41.131,0.81121,0.81143,1.00,1.37
2015.07.08 02:09:41.185,0.81118,0.81142,1.50,1.37
2015.07.08 02:09:41.236,0.81118,0.81139,1.00,1.00
2015.07.08 02:09:41.547,0.81118,0.81142,1.00,1.37
2015.07.08 02:09:42.063,0.81118,0.81142,1.00,1.12
2015.07.08 02:09:45.680,0.81121,0.81142,1.50,1.00
2015.07.08 02:09:45.731,0.81127,0.81144,1.00,1.00
2015.07.08 02:09:45.782,0.81127,0.81151,1.12,1.00
2015.07.08 02:09:45.883,0.81127,0.81152,1.37,1.00
2015.07.08 02:09:45.985,0.8113,0.81155,1.37,3.00
2015.07.08 02:09:46.187,0.8113,0.81155,1.00,3.37
2015.07.08 02:09:46.238,0.81128,0.81152,1.12,1.00
2015.07.08 02:09:46.926,0.81128,0.81152,1.00,1.37
2015.07.08 02:09:47.471,0.81128,0.81152,1.00,1.37
2015.07.08 02:09:48.180,0.81129,0.81152,1.00,1.00
2015.07.08 02:09:50.142,0.8113,0.81152,1.00,1.00
2015.07.08 02:09:50.680,0.81131,0.81152,1.00,1.00
2015.07.08 02:09:50.840,0.81129,0.81152,1.00,1.00
2015.07.08 02:09:51.412,0.81128,0.81152,1.00,1.00
2015.07.08 02:09:53.861,0.81127,0.8115,1.50,1.00
2015.07.08 02:09:54.524,0.81126,0.8115,1.00,1.50
2015.07.08 02:10:04.265,0.81128,0.81151,1.00,1.00
2015.07.08 02:10:04.895,0.81128,0.81152,1.50,1.12
2015.07.08 02:10:09.209,0.81127,0.8115,1.00,1.50
2015.07.08 02:10:09.512,0.81123,0.81145,1.00,1.00
2015.07.08 02:10:09.663,0.8112,0.81145,2.25,1.00
2015.07.08 02:10:15.014,0.81122,0.81145,1.00,1.00
2015.07.08 02:10:15.115,0.81123,0.81148,1.00,1.50
2015.07.08 02:10:15.317,0.81125,0.81148,1.00,1.50
2015.07.08 02:10:16.885,0.81127,0.81148,1.00,1.00
2015.07.08 02:10:17.286,0.81127,0.8115,1.00,1.00
2015.07.08 02:10:17.823,0.81127,0.81151,1.00,1.12
2015.07.08 02:10:22.369,0.81127,0.81151,1.00,1.87
2015.07.08 02:10:23.997,0.81127,0.81152,1.00,1.50
2015.07.08 02:10:24.273,0.8113,0.81152,1.00,1.50
2015.07.08 02:10:26.291,0.8113,0.81155,1.50,2.47
2015.07.08 02:10:28.804,0.8113,0.81155,2.25,1.37
2015.07.08 02:10:29.006,0.81129,0.81152,1.00,1.00
2015.07.08 02:10:29.411,0.81128,0.81152,1.00,1.37
2015.07.08 02:10:30.143,0.81128,0.81151,1.00,1.37
2015.07.08 02:10:30.675,0.81127,0.8115,1.00,1.37
2015.07.08 02:10:30.978,0.81124,0.81146,1.50,1.37
2015.07.08 02:10:31.029,0.81121,0.81146,1.50,1.87
2015.07.08 02:10:32.053,0.81121,0.81145,1.00,1.37
2015.07.08 02:10:32.355,0.81119,0.81142,1.00,1.37
2015.07.08 02:10:32.882,0.81118,0.81141,1.00,1.37
2015.07.08 02:10:35.615,0.81118,0.81141,1.00,1.12
2015.07.08 02:10:35.918,0.8112,0.81142,1.00,1.72
2015.07.08 02:10:36.454,0.81119,0.81142,1.00,1.72
2015.07.08 02:10:39.968,0.81119,0.81142,1.00,1.72
2015.07.08 02:10:50.232,0.8112,0.81142,1.00,2.47
2015.07.08 02:10:50.745,0.81121,0.81144,1.00,2.47
2015.07.08 02:10:51.844,0.81121,0.81144,1.50,1.50
2015.07.08 02:10:52.046,0.81123,0.81144,1.00,1.00
2015.07.08 02:10:52.197,0.81123,0.81146,1.00,1.00
2015.07.08 02:10:53.111,0.81124,0.81146,1.00,1.50
2015.07.08 02:10:53.573,0.81125,0.81146,1.00,1.87
2015.07.08 02:10:54.130,0.81123,0.81146,1.00,1.87
2015.07.08 02:10:54.181,0.81123,0.81146,1.00,1.87
2015.07.08 02:10:54.392,0.81123,0.81144,1.00,1.00
2015.07.08 02:10:54.908,0.81122,0.81146,1.00,1.87
2015.07.08 02:10:55.421,0.81121,0.81145,1.00,1.12
2015.07.08 02:10:55.730,0.81121,0.81142,1.00,1.12
2015.07.08 02:10:56.422,0.81121,0.81141,1.00,1.00
2015.07.08 02:10:56.776,0.81118,0.81139,1.00,1.12
2015.07.08 02:10:57.312,0.81117,0.81139,1.00,1.87
2015.07.08 02:10:57.464,0.81117,0.81137,1.00,1.37
2015.07.08 02:10:58.281,0.81116,0.81137,1.00,1.37
2015.07.08 02:11:00.164,0.81116,0.81137,1.00,1.12
2015.07.08 02:11:00.692,0.81115,0.81137,1.00,1.00
2015.07.08 02:11:01.370,0.81114,0.81137,1.00,1.00
2015.07.08 02:11:01.911,0.81115,0.81137,1.00,1.00
2015.07.08 02:11:01.962,0.81115,0.81139,1.00,1.87
2015.07.08 02:11:02.164,0.81118,0.81139,1.00,1.00
2015.07.08 02:11:02.416,0.81119,0.81143,1.00,2.47
2015.07.08 02:11:02.947,0.81119,0.81143,1.00,1.97
2015.07.08 02:11:03.473,0.81119,0.81141,1.00,1.12
2015.07.08 02:11:04.091,0.81119,0.81143,1.00,2.47
2015.07.08 02:11:04.895,0.81119,0.81143,1.37,3.22
2015.07.08 02:11:04.996,0.81119,0.81143,2.25,1.00
2015.07.08 02:11:05.097,0.81123,0.81146,1.87,1.00
2015.07.08 02:11:05.198,0.8113,0.81152,1.00,1.37
2015.07.08 02:11:05.400,0.8113,0.81155,1.00,1.50
2015.07.08 02:11:05.451,0.8113,0.81153,1.00,1.00
2015.07.08 02:11:05.844,0.81126,0.81142,1.00,1.00
2015.07.08 02:11:06.098,0.81122,0.81142,1.00,1.00
2015.07.08 02:11:06.200,0.81121,0.81139,1.00,1.00
2015.07.08 02:11:07.435,0.81121,0.81144,1.00,1.50
2015.07.08 02:11:09.523,0.81122,0.81144,1.00,1.00
2015.07.08 02:11:09.638,0.8112,0.81144,1.00,1.00
2015.07.08 02:11:09.790,0.8112,0.81142,1.00,1.87
2015.07.08 02:11:09.941,0.81117,0.81141,1.50,1.37
2015.07.08 02:11:09.992,0.81117,0.8114,1.50,1.37
2015.07.08 02:11:10.043,0.81115,0.81139,1.00,1.37
2015.07.08 02:11:10.245,0.81113,0.81136,1.00,1.00
2015.07.08 02:11:10.583,0.81119,0.81138,1.00,1.00
2015.07.08 02:11:10.936,0.8112,0.81141,1.00,1.00
2015.07.08 02:11:12.091,0.8112,0.81139,1.00,1.00
2015.07.08 02:11:12.394,0.81113,0.81135,1.00,1.00
2015.07.08 02:11:12.696,0.81116,0.81135,1.00,1.50
2015.07.08 02:11:16.687,0.81118,0.81135,1.00,1.00
2015.07.08 02:11:17.412,0.81119,0.81135,1.00,1.00
2015.07.08 02:11:19.060,0.81118,0.81135,1.00,1.00
2015.07.08 02:11:21.634,0.81118,0.81138,1.00,1.00
2015.07.08 02:11:21.836,0.81121,0.8114,1.00,1.00
2015.07.08 02:11:22.038,0.81123,0.81143,1.00,1.00
2015.07.08 02:11:22.308,0.81127,0.81143,1.00,1.00
2015.07.08 02:11:22.360,0.81127,0.81147,1.00,1.50
2015.07.08 02:11:22.865,0.81126,0.81147,1.00,1.50
2015.07.08 02:11:24.560,0.81127,0.81147,1.00,1.87
2015.07.08 02:11:25.107,0.81128,0.81147,1.00,1.50
2015.07.08 02:11:26.808,0.81127,0.81147,1.00,1.87
2015.07.08 02:11:32.094,0.81129,0.81147,1.00,1.12
2015.07.08 02:11:32.195,0.81127,0.81147,1.00,1.12
2015.07.08 02:11:33.690,0.81125,0.81147,1.50,2.62
2015.07.08 02:11:34.562,0.81125,0.81147,1.00,4.72
2015.07.08 02:11:34.713,0.81122,0.81144,1.00,1.97
2015.07.08 02:11:34.764,0.8112,0.81142,1.00,1.60
2015.07.08 02:11:35.167,0.81118,0.81141,1.50,1.35
2015.07.08 02:11:35.718,0.81118,0.8114,1.00,1.50
2015.07.08 02:11:36.360,0.81118,0.81141,1.50,1.72
2015.07.08 02:11:38.690,0.8112,0.81141,1.00,1.72
2015.07.08 02:11:39.684,0.8112,0.81141,1.00,1.72
2015.07.08 02:11:40.275,0.81119,0.81141,1.00,1.72
2015.07.08 02:11:40.789,0.81116,0.81139,1.00,1.00
2015.07.08 02:11:40.991,0.8112,0.81139,1.00,1.00
2015.07.08 02:11:41.533,0.8112,0.8114,1.00,1.00
2015.07.08 02:11:43.500,0.8112,0.81141,1.00,1.00
2015.07.08 02:11:43.799,0.8112,0.81143,1.00,1.50
2015.07.08 02:11:43.951,0.81122,0.81143,1.00,1.00
2015.07.08 02:11:44.464,0.81122,0.81144,1.00,1.87
2015.07.08 02:11:45.138,0.81121,0.81144,1.50,1.87
2015.07.08 02:11:45.706,0.81121,0.81144,1.50,1.87
2015.07.08 02:11:46.630,0.81121,0.81142,1.00,1.00
2015.07.08 02:11:47.661,0.81121,0.81143,1.00,1.12
2015.07.08 02:11:48.167,0.8112,0.81142,1.00,1.50
2015.07.08 02:11:48.370,0.81117,0.81142,1.50,1.87
2015.07.08 02:11:48.921,0.81118,0.81142,1.00,1.87
2015.07.08 02:11:51.899,0.8112,0.81142,1.00,1.00
2015.07.08 02:11:52.801,0.8112,0.81142,1.00,1.37
2015.07.08 02:11:53.305,0.8112,0.81142,1.00,1.12
2015.07.08 02:11:56.286,0.81121,0.81142,1.00,1.00
2015.07.08 02:11:56.438,0.81123,0.81148,1.87,1.72
2015.07.08 02:11:56.590,0.81127,0.81148,1.00,1.12
2015.07.08 02:11:56.842,0.81125,0.81149,1.50,2.47
2015.07.08 02:11:57.302,0.81123,0.81147,1.00,2.25
2015.07.08 02:11:57.353,0.81121,0.81145,1.00,1.60
2015.07.08 02:11:57.657,0.8112,0.8114,1.00,1.00
2015.07.08 02:11:57.708,0.81118,0.8114,1.00,1.00
2015.07.08 02:11:58.341,0.81118,0.81139,1.00,1.00
2015.07.08 02:11:58.910,0.81117,0.81138,1.00,1.00
2015.07.08 02:11:59.061,0.81116,0.81135,1.00,1.00
2015.07.08 02:11:59.112,0.81112,0.81134,1.50,1.00
2015.07.08 02:11:59.565,0.81111,0.81132,1.00,1.00
2015.07.08 02:12:00.134,0.81111,0.81131,1.00,1.00
2015.07.08 02:12:00.235,0.81112,0.81133,1.00,1.00
2015.07.08 02:12:00.766,0.81112,0.81134,1.00,1.00
2015.07.08 02:12:04.379,0.81111,0.81134,1.00,1.00
2015.07.08 02:12:05.701,0.81111,0.81135,1.00,2.25
2015.07.08 02:12:05.852,0.81109,0.81135,1.00,2.25
2015.07.08 02:12:06.481,0.81111,0.81135,1.00,2.25
2015.07.08 02:12:09.132,0.81113,0.81135,1.00,1.00
2015.07.08 02:12:09.183,0.81113,0.81137,1.00,1.50
2015.07.08 02:12:11.878,0.81112,0.81137,1.00,1.00
2015.07.08 02:12:13.183,0.81113,0.81137,1.00,1.00
2015.07.08 02:12:20.442,0.81114,0.81137,1.00,1.00
2015.07.08 02:12:23.423,0.81112,0.81137,1.50,1.00
2015.07.08 02:12:25.049,0.81112,0.81136,1.50,1.00
2015.07.08 02:12:25.503,0.81114,0.81135,1.00,1.00
2015.07.08 02:12:27.604,0.81115,0.81138,1.00,1.00
2015.07.08 02:12:28.060,0.81117,0.8114,1.00,1.60
2015.07.08 02:12:35.136,0.81116,0.81139,1.00,2.10
2015.07.08 02:12:35.186,0.81114,0.81139,1.50,2.10
2015.07.08 02:12:35.438,0.81114,0.81136,1.00,1.00
2015.07.08 02:12:36.516,0.81112,0.81136,1.00,1.00
2015.07.08 02:12:37.071,0.81111,0.81136,1.50,1.00
2015.07.08 02:12:37.323,0.81111,0.81133,1.00,1.00
2015.07.08 02:12:40.569,0.8111,0.81133,1.00,1.00
2015.07.08 02:12:42.548,0.81109,0.81133,1.50,1.00
2015.07.08 02:12:44.968,0.8111,0.81133,1.00,1.00
2015.07.08 02:12:45.409,0.81112,0.81133,1.00,1.00
2015.07.08 02:12:45.560,0.81112,0.81135,1.00,1.12
2015.07.08 02:12:46.266,0.81112,0.81136,1.00,1.12
2015.07.08 02:12:47.758,0.81112,0.81136,1.00,1.87
2015.07.08 02:12:47.859,0.8111,0.81133,1.00,1.00
2015.07.08 02:12:48.061,0.81112,0.81131,1.00,1.00
2015.07.08 02:12:48.964,0.8111,0.81131,1.50,1.00
2015.07.08 02:12:49.419,0.81112,0.81131,1.00,1.00
2015.07.08 02:12:50.969,0.81112,0.81131,1.00,1.37
2015.07.08 02:12:51.020,0.81107,0.81129,1.00,1.00
2015.07.08 02:12:51.071,0.81107,0.81127,1.00,1.00
2015.07.08 02:12:51.273,0.81105,0.81127,1.50,1.00
2015.07.08 02:12:51.375,0.81105,0.81124,1.50,1.00
2015.07.08 02:12:52.053,0.81104,0.81124,1.00,1.00
2015.07.08 02:12:52.368,0.81105,0.81127,1.00,1.37
2015.07.08 02:12:52.575,0.81105,0.81127,1.00,1.37
2015.07.08 02:12:52.676,0.81103,0.81125,2.25,1.37
2015.07.08 02:12:52.878,0.81103,0.81127,1.50,1.37
2015.07.08 02:12:52.979,0.81104,0.81129,1.00,1.60
2015.07.08 02:12:53.131,0.81108,0.81129,1.00,1.60
2015.07.08 02:12:54.333,0.81107,0.81129,1.00,1.72
2015.07.08 02:12:54.800,0.81105,0.81129,1.50,1.72
2015.07.08 02:12:55.444,0.81107,0.81129,1.00,2.10
2015.07.08 02:12:55.646,0.81105,0.81129,1.50,1.72
2015.07.08 02:12:55.999,0.81107,0.81127,1.00,1.00
2015.07.08 02:12:56.532,0.81107,0.81131,1.00,1.72
2015.07.08 02:12:57.665,0.81109,0.81131,1.00,1.60
2015.07.08 02:12:58.265,0.81111,0.81133,1.00,2.10
2015.07.08 02:12:58.320,0.81111,0.81134,1.00,2.47
2015.07.08 02:13:04.177,0.8111,0.81134,1.50,2.10
2015.07.08 02:13:09.509,0.81111,0.81134,1.00,2.10
2015.07.08 02:13:12.103,0.81115,0.81134,1.00,1.50
2015.07.08 02:13:12.409,0.8112,0.81141,1.00,1.37
2015.07.08 02:13:12.611,0.81122,0.81141,1.00,1.37
2015.07.08 02:13:13.629,0.81122,0.81141,1.00,1.12
2015.07.08 02:13:15.140,0.81119,0.81141,1.50,1.00
2015.07.08 02:13:15.241,0.81117,0.81141,1.50,1.87
2015.07.08 02:13:15.343,0.81115,0.81138,1.50,1.50
2015.07.08 02:13:15.444,0.81113,0.81138,1.00,1.50
2015.07.08 02:13:16.398,0.81114,0.81138,1.00,1.50
2015.07.08 02:13:17.057,0.81113,0.81138,1.00,1.50
2015.07.08 02:13:17.618,0.81114,0.81138,1.00,1.50
2015.07.08 02:13:18.410,0.81116,0.81138,1.00,1.50
2015.07.08 02:13:18.713,0.81119,0.8114,1.00,1.00
2015.07.08 02:13:19.016,0.81121,0.8114,1.00,1.00
2015.07.08 02:13:19.900,0.81121,0.81142,1.00,1.00
2015.07.08 02:13:22.613,0.81122,0.81142,1.00,1.00
2015.07.08 02:13:25.008,0.81123,0.81142,1.00,1.00
2015.07.08 02:13:28.788,0.81121,0.81142,1.00,1.00
2015.07.08 02:13:34.289,0.81123,0.81142,1.00,1.00
2015.07.08 02:13:34.340,0.81123,0.81145,1.00,1.00
2015.07.08 02:13:34.491,0.81125,0.81145,1.00,1.00
2015.07.08 02:13:34.643,0.81127,0.81148,1.00,1.35
2015.07.08 02:13:34.845,0.81125,0.81148,1.50,1.35
2015.07.08 02:13:36.455,0.81127,0.81148,1.50,1.35
2015.07.08 02:13:37.455,0.81125,0.81148,1.00,1.35
2015.07.08 02:13:41.949,0.81125,0.81145,1.00,1.00
2015.07.08 02:13:42.459,0.81125,0.81148,1.00,2.47
2015.07.08 02:13:44.412,0.81123,0.81148,1.00,2.10
2015.07.08 02:13:44.714,0.81125,0.81148,1.00,1.35
2015.07.08 02:13:49.012,0.81124,0.81148,1.00,1.35
2015.07.08 02:13:49.546,0.81123,0.81147,1.50,1.37
2015.07.08 02:13:49.799,0.81121,0.81146,1.00,3.37
2015.07.08 02:13:50.422,0.81121,0.81144,1.00,1.12
2015.07.08 02:13:51.105,0.8112,0.81144,1.00,1.00
2015.07.08 02:13:53.168,0.8112,0.81145,1.00,1.00
2015.07.08 02:13:54.156,0.81121,0.81145,1.00,1.00
2015.07.08 02:13:54.667,0.81122,0.81146,1.00,2.25
2015.07.08 02:13:55.071,0.81124,0.81146,1.00,1.50
2015.07.08 02:13:55.471,0.81124,0.81148,1.00,1.35
2015.07.08 02:13:56.078,0.81125,0.81148,1.00,1.35
2015.07.08 02:13:59.351,0.81124,0.81148,1.50,1.35
2015.07.08 02:13:59.656,0.81126,0.81148,1.00,1.35
2015.07.08 02:14:00.160,0.81125,0.81148,1.00,1.00
2015.07.08 02:14:00.266,0.81128,0.81152,1.12,1.00
2015.07.08 02:14:00.368,0.81134,0.81155,1.00,1.00
2015.07.08 02:14:00.623,0.81134,0.81157,1.00,1.00
2015.07.08 02:14:00.724,0.81134,0.81159,1.00,1.87
2015.07.08 02:14:00.775,0.81138,0.81159,1.00,1.12
2015.07.08 02:14:01.354,0.81138,0.81161,1.00,1.72
2015.07.08 02:14:01.685,0.81141,0.81161,1.00,1.35
2015.07.08 02:14:01.937,0.81141,0.81163,1.00,1.00
2015.07.08 02:14:02.290,0.81139,0.81161,1.00,1.00
2015.07.08 02:14:02.341,0.81137,0.81161,1.50,1.00
2015.07.08 02:14:02.925,0.81137,0.8116,1.50,1.00
2015.07.08 02:14:03.179,0.81134,0.81159,1.50,1.00
2015.07.08 02:14:03.482,0.81134,0.81157,1.50,1.00
2015.07.08 02:14:03.998,0.81134,0.81156,1.00,1.00
2015.07.08 02:14:04.396,0.81134,0.81158,1.00,1.00
2015.07.08 02:14:05.145,0.81134,0.81156,1.00,1.00
2015.07.08 02:14:05.486,0.81132,0.81156,1.00,1.00
2015.07.08 02:14:06.038,0.81131,0.81156,1.50,1.00
2015.07.08 02:14:06.089,0.8113,0.81153,1.00,1.00
2015.07.08 02:14:09.808,0.81131,0.81153,1.00,1.00
2015.07.08 02:14:10.227,0.81133,0.81153,1.00,1.00
2015.07.08 02:14:10.480,0.81133,0.81156,1.00,1.00
2015.07.08 02:14:11.034,0.81134,0.81156,1.00,1.00
2015.07.08 02:14:11.792,0.81135,0.81156,1.00,1.00
2015.07.08 02:14:11.902,0.81135,0.81156,1.00,1.37
2015.07.08 02:14:12.004,0.81132,0.81156,1.00,1.87
2015.07.08 02:14:12.105,0.8113,0.81153,1.00,1.87
2015.07.08 02:14:12.156,0.81129,0.81153,1.00,1.87
2015.07.08 02:14:12.207,0.81127,0.81153,1.00,2.62
2015.07.08 02:14:12.258,0.81127,0.81149,1.00,1.00
2015.07.08 02:14:12.566,0.8113,0.81148,1.50,1.00
2015.07.08 02:14:13.521,0.8113,0.81151,1.00,1.12
2015.07.08 02:14:14.122,0.81129,0.81151,1.00,1.12
2015.07.08 02:14:14.432,0.81129,0.81147,1.00,1.00
2015.07.08 02:14:15.305,0.8113,0.81147,1.00,1.00
2015.07.08 02:14:15.809,0.81128,0.81147,1.00,1.00
2015.07.08 02:14:17.839,0.8113,0.81147,1.00,1.00
2015.07.08 02:14:18.047,0.81128,0.81147,1.00,1.00
2015.07.08 02:14:18.198,0.81128,0.81151,1.50,1.00
2015.07.08 02:14:18.501,0.81128,0.81148,1.00,1.00
2015.07.08 02:14:20.014,0.81128,0.81152,1.00,1.12
2015.07.08 02:14:21.294,0.8113,0.81152,1.50,1.12
2015.07.08 02:14:21.597,0.81134,0.81159,1.50,1.37
2015.07.08 02:14:21.648,0.81135,0.81159,1.00,1.00
2015.07.08 02:14:22.230,0.81136,0.81159,1.00,1.00
2015.07.08 02:14:23.377,0.81137,0.81159,1.00,1.00
2015.07.08 02:14:23.908,0.81136,0.81159,1.50,1.00
2015.07.08 02:14:25.506,0.81135,0.81159,1.50,1.12
2015.07.08 02:14:25.557,0.81135,0.81157,1.50,2.10
2015.07.08 02:14:25.709,0.81131,0.81151,1.00,1.00
2015.07.08 02:14:25.810,0.8113,0.81148,1.00,1.00
2015.07.08 02:14:26.016,0.81138,0.81157,1.00,1.00
2015.07.08 02:14:26.117,0.81138,0.81163,1.00,1.87
2015.07.08 02:14:26.688,0.81142,0.81165,1.00,1.37
2015.07.08 02:14:26.789,0.81139,0.81164,1.50,1.37
2015.07.08 02:14:27.057,0.81139,0.81164,1.87,1.37
2015.07.08 02:14:27.561,0.81139,0.81164,1.12,1.87
2015.07.08 02:14:28.074,0.81138,0.81161,1.12,1.12
2015.07.08 02:14:28.124,0.81138,0.81161,1.00,1.37
2015.07.08 02:14:28.727,0.81136,0.81161,1.50,1.37
2015.07.08 02:14:29.533,0.81136,0.8116,1.00,1.37
2015.07.08 02:14:30.943,0.81135,0.81158,1.50,1.37
2015.07.08 02:14:37.527,0.81136,0.81158,1.00,1.37
2015.07.08 02:14:40.867,0.81135,0.81158,2.25,1.37
2015.07.08 02:14:46.370,0.81135,0.81158,1.50,1.12
2015.07.08 02:14:49.139,0.81137,0.8116,1.00,1.37
2015.07.08 02:14:50.346,0.81138,0.8116,1.00,1.37
2015.07.08 02:14:50.859,0.81138,0.8116,1.00,1.12
2015.07.08 02:14:52.997,0.81136,0.8116,2.62,1.12
2015.07.08 02:14:54.198,0.81137,0.8116,1.00,1.12
2015.07.08 02:14:56.925,0.81138,0.8116,1.00,1.12
2015.07.08 02:14:58.097,0.8114,0.8116,1.00,1.12
2015.07.08 02:14:58.600,0.81139,0.81164,1.00,1.87
2015.07.08 02:14:58.908,0.81142,0.81163,1.00,1.12
2015.07.08 02:14:59.788,0.81142,0.81166,1.50,1.87
2015.07.08 02:15:00.293,0.81143,0.81166,1.00,1.37
2015.07.08 02:15:00.906,0.81143,0.81166,1.00,1.12
2015.07.08 02:15:01.486,0.81142,0.81166,1.87,1.12
2015.07.08 02:15:02.030,0.81142,0.81166,1.50,1.37
2015.07.08 02:15:04.738,0.81144,0.81166,1.00,1.00
2015.07.08 02:15:04.789,0.81145,0.8117,1.00,1.87
2015.07.08 02:15:05.826,0.81145,0.8117,1.87,1.12
2015.07.08 02:15:07.483,0.81145,0.8117,1.50,1.87
2015.07.08 02:15:07.887,0.81142,0.81167,1.87,1.00
2015.07.08 02:15:08.566,0.81142,0.81166,1.50,1.12
2015.07.08 02:15:09.132,0.81142,0.81166,1.00,1.37
2015.07.08 02:15:09.709,0.81142,0.81165,1.00,1.37
2015.07.08 02:15:12.719,0.81142,0.81165,1.00,1.12
2015.07.08 02:15:14.839,0.8114,0.81165,2.25,1.12
2015.07.08 02:15:26.122,0.81142,0.81165,1.00,1.00
2015.07.08 02:15:26.671,0.81142,0.81166,1.00,1.12
2015.07.08 02:15:28.211,0.81144,0.81166,1.00,1.12
2015.07.08 02:15:31.643,0.81148,0.81169,1.00,1.00
2015.07.08 02:15:31.852,0.81148,0.81172,1.00,1.87
2015.07.08 02:15:31.953,0.8115,0.81172,1.00,1.87
2015.07.08 02:15:32.454,0.81149,0.81172,1.00,1.00
2015.07.08 02:15:33.821,0.81148,0.81172,1.00,1.00
2015.07.08 02:15:35.762,0.81148,0.81171,1.00,1.00
2015.07.08 02:15:36.302,0.81147,0.81171,1.00,1.12
2015.07.08 02:15:37.328,0.81147,0.8117,1.00,1.00
2015.07.08 02:15:38.009,0.81148,0.81169,1.00,1.00
2015.07.08 02:15:38.060,0.81148,0.81172,1.87,1.00
2015.07.08 02:15:38.925,0.81148,0.81172,1.87,1.00
2015.07.08 02:15:39.329,0.81151,0.81172,1.00,1.00
2015.07.08 02:15:39.482,0.81151,0.81175,1.00,1.00
2015.07.08 02:15:41.153,0.8115,0.81175,3.37,1.00
2015.07.08 02:15:41.488,0.81153,0.81175,1.00,1.00
2015.07.08 02:15:43.204,0.81152,0.81175,1.00,1.50
2015.07.08 02:15:45.551,0.81152,0.81173,1.00,1.00
2015.07.08 02:15:45.703,0.81152,0.81175,1.00,1.00
2015.07.08 02:15:49.005,0.81154,0.81175,1.00,1.00
2015.07.08 02:15:49.442,0.81155,0.81178,1.00,1.50
2015.07.08 02:15:50.893,0.81153,0.81177,1.87,1.00
2015.07.08 02:15:52.737,0.81154,0.81177,1.00,1.00
2015.07.08 02:15:55.370,0.81154,0.81178,1.12,1.00
2015.07.08 02:15:55.521,0.81156,0.81178,1.00,1.00
2015.07.08 02:16:00.260,0.81155,0.81178,1.00,1.00
2015.07.08 02:16:03.768,0.81153,0.81178,1.87,1.00
2015.07.08 02:16:04.548,0.81153,0.81178,1.87,1.00
2015.07.08 02:16:04.750,0.81156,0.81178,1.00,1.00
2015.07.08 02:16:07.503,0.81156,0.81179,1.00,1.00
2015.07.08 02:16:10.933,0.81155,0.81179,1.12,1.00
2015.07.08 02:16:12.363,0.81156,0.81179,1.00,1.00
2015.07.08 02:16:13.320,0.81157,0.81182,1.00,1.87
2015.07.08 02:16:17.230,0.81158,0.81182,1.00,1.12
2015.07.08 02:16:17.684,0.8116,0.81182,1.12,1.00
2015.07.08 02:16:17.735,0.81161,0.81185,1.00,1.00
2015.07.08 02:16:20.428,0.81162,0.81185,1.00,1.00
2015.07.08 02:16:22.274,0.81162,0.81185,1.37,1.00
2015.07.08 02:16:22.860,0.81162,0.81185,1.50,1.00
2015.07.08 02:16:24.567,0.8116,0.81185,1.87,1.00
2015.07.08 02:16:24.618,0.81163,0.81186,1.00,1.00
2015.07.08 02:16:25.150,0.81163,0.81187,1.00,1.00
2015.07.08 02:16:27.643,0.81161,0.81185,1.12,1.00
2015.07.08 02:16:28.189,0.8116,0.81184,1.50,1.00
2015.07.08 02:16:28.897,0.8116,0.81185,1.50,1.87
2015.07.08 02:16:29.418,0.8116,0.81184,1.50,1.00
2015.07.08 02:16:32.708,0.8116,0.81183,1.00,1.00
2015.07.08 02:16:32.759,0.81158,0.81182,1.12,1.00
2015.07.08 02:16:33.346,0.81157,0.81182,1.87,1.00
2015.07.08 02:16:34.463,0.81158,0.81182,1.00,1.00
2015.07.08 02:16:36.740,0.81157,0.81182,2.62,1.00
2015.07.08 02:16:42.790,0.81157,0.8118,1.00,1.00
2015.07.08 02:16:43.042,0.81154,0.81179,1.00,1.87
2015.07.08 02:16:43.642,0.81154,0.81178,1.00,1.37
2015.07.08 02:16:43.843,0.81152,0.81176,2.25,1.12
2015.07.08 02:16:44.671,0.81152,0.81176,1.50,1.37
2015.07.08 02:16:55.886,0.81152,0.81176,1.00,1.00
2015.07.08 02:16:56.477,0.81152,0.81176,1.00,1.37
2015.07.08 02:17:09.062,0.81152,0.81176,1.00,1.12
2015.07.08 02:17:09.567,0.81153,0.81176,1.00,1.00
2015.07.08 02:17:10.332,0.81152,0.81176,1.50,1.00
2015.07.08 02:17:10.912,0.81153,0.81176,1.00,1.00
2015.07.08 02:17:12.158,0.81152,0.81176,2.25,1.00
2015.07.08 02:17:14.571,0.81155,0.81176,1.00,1.00
2015.07.08 02:17:14.722,0.81156,0.8118,2.25,1.00
2015.07.08 02:17:16.227,0.81158,0.8118,1.00,1.00
2015.07.08 02:17:16.328,0.81159,0.81184,1.50,1.37
2015.07.08 02:17:24.624,0.81159,0.81184,1.50,1.37
2015.07.08 02:17:25.440,0.81159,0.81184,1.50,1.37
2015.07.08 02:17:40.326,0.81159,0.81184,1.00,1.87
2015.07.08 02:17:40.831,0.81159,0.81183,1.00,1.37
2015.07.08 02:17:50.869,0.81159,0.81184,1.00,1.12
2015.07.08 02:17:51.478,0.81159,0.81184,1.00,1.37
2015.07.08 02:17:57.072,0.81159,0.81184,1.00,1.12
2015.07.08 02:17:58.729,0.81159,0.81184,1.00,1.37
2015.07.08 02:18:09.138,0.81161,0.81184,1.00,1.00
2015.07.08 02:18:09.239,0.81162,0.81187,1.50,1.12
2015.07.08 02:18:09.391,0.81165,0.81187,1.00,1.00
2015.07.08 02:18:10.814,0.81164,0.81187,1.00,1.00
2015.07.08 02:18:11.174,0.81162,0.81186,1.50,1.00
2015.07.08 02:18:16.589,0.81163,0.81186,1.00,1.00
2015.07.08 02:18:17.297,0.81164,0.81186,1.00,1.00
2015.07.08 02:18:17.348,0.81164,0.81189,1.50,1.12
2015.07.08 02:18:18.382,0.81165,0.81189,1.00,1.12
2015.07.08 02:18:19.530,0.81166,0.81189,1.00,1.00
2015.07.08 02:18:19.635,0.81167,0.81192,1.50,1.12
2015.07.08 02:18:19.847,0.81167,0.81192,1.00,1.37
2015.07.08 02:18:20.399,0.81167,0.81192,1.00,1.87
2015.07.08 02:18:21.501,0.81167,0.81192,1.50,1.37
2015.07.08 02:18:22.178,0.81167,0.81192,1.00,1.87
2015.07.08 02:18:22.431,0.81163,0.81188,2.25,1.87
2015.07.08 02:18:22.481,0.81165,0.81188,1.00,1.50
2015.07.08 02:18:23.020,0.81163,0.81187,1.00,1.37
2015.07.08 02:18:23.558,0.81163,0.81185,1.00,1.37
2015.07.08 02:18:23.709,0.8116,0.81185,1.00,1.37
2015.07.08 02:18:24.535,0.8116,0.81186,1.00,2.62
2015.07.08 02:18:26.085,0.81158,0.81183,1.50,1.87
2015.07.08 02:18:26.633,0.81158,0.81183,1.50,2.62
2015.07.08 02:18:28.029,0.81156,0.8118,1.00,1.37
2015.07.08 02:18:28.533,0.81155,0.81178,1.00,1.12
2015.07.08 02:18:28.836,0.81152,0.81177,1.00,1.37
2015.07.08 02:18:35.661,0.81152,0.81177,1.00,1.12
2015.07.08 02:18:35.719,0.81152,0.81177,1.00,1.37
2015.07.08 02:18:37.725,0.81152,0.81177,1.50,1.37
2015.07.08 02:18:40.070,0.81152,0.81177,1.87,1.12
2015.07.08 02:18:40.603,0.81152,0.81177,1.50,1.37
2015.07.08 02:18:43.287,0.81152,0.81177,2.62,1.12
2015.07.08 02:18:43.614,0.81154,0.81177,1.00,1.00
2015.07.08 02:18:44.107,0.81157,0.8118,1.00,1.12
2015.07.08 02:18:44.410,0.81159,0.81184,1.00,1.37
2015.07.08 02:18:45.163,0.81159,0.81184,1.00,1.37
2015.07.08 02:18:49.378,0.81159,0.81183,1.00,1.37
2015.07.08 02:18:55.303,0.81159,0.81183,1.00,1.00
2015.07.08 02:18:55.818,0.81159,0.81184,2.25,1.12
2015.07.08 02:18:57.222,0.81159,0.81184,2.25,1.37
2015.07.08 02:19:03.516,0.81159,0.81184,1.00,1.87
2015.07.08 02:19:16.490,0.81158,0.81182,1.00,1.37
2015.07.08 02:19:17.793,0.81158,0.81182,1.00,1.37
2015.07.08 02:19:23.668,0.81158,0.8118,1.00,1.37
2015.07.08 02:19:28.981,0.81158,0.81181,1.00,1.37
2015.07.08 02:19:29.132,0.81158,0.81182,1.12,1.00
2015.07.08 02:19:29.183,0.8116,0.81183,1.00,1.12
2015.07.08 02:19:29.664,0.81161,0.81186,1.00,1.87
2015.07.08 02:19:30.332,0.81161,0.81186,1.87,1.87
2015.07.08 02:19:30.433,0.81163,0.81186,1.00,1.12
2015.07.08 02:19:32.920,0.81162,0.81186,1.00,1.12
2015.07.08 02:19:34.386,0.81164,0.81186,1.00,1.12
2015.07.08 02:19:34.888,0.81165,0.81189,1.00,1.87
2015.07.08 02:19:37.609,0.81165,0.81188,1.00,1.12
2015.07.08 02:19:37.761,0.81167,0.81191,1.00,1.37
2015.07.08 02:19:37.811,0.81167,0.81191,1.50,1.37
2015.07.08 02:19:37.912,0.81169,0.81191,1.00,1.12
2015.07.08 02:19:38.443,0.8117,0.81192,1.00,1.37
2015.07.08 02:19:41.558,0.81171,0.81194,1.00,1.37
2015.07.08 02:19:43.656,0.81171,0.81194,1.00,1.12
2015.07.08 02:19:45.371,0.81171,0.81195,1.00,2.62
2015.07.08 02:19:45.668,0.81174,0.81195,1.00,1.00
2015.07.08 02:19:45.870,0.81174,0.81197,1.00,1.12
2015.07.08 02:19:46.022,0.81176,0.81199,1.00,3.22
2015.07.08 02:19:52.654,0.81176,0.81198,1.50,1.00
2015.07.08 02:19:52.754,0.81178,0.81203,2.62,1.00
2015.07.08 02:19:52.856,0.81184,0.81205,1.00,1.00
2015.07.08 02:19:53.409,0.81185,0.81208,1.00,1.37
2015.07.08 02:19:55.024,0.81185,0.81209,1.00,1.87
2015.07.08 02:19:55.421,0.81187,0.81209,1.00,1.12
2015.07.08 02:19:57.176,0.81187,0.81211,1.50,1.37
2015.07.08 02:19:57.700,0.81187,0.8121,1.50,1.37
2015.07.08 02:19:58.724,0.81187,0.81211,1.00,1.50
2015.07.08 02:19:59.228,0.81189,0.81211,1.00,1.00
2015.07.08 02:19:59.386,0.8119,0.81213,1.00,1.00
2015.07.08 02:19:59.487,0.81191,0.81215,1.37,2.10
2015.07.08 02:19:59.789,0.81195,0.81217,1.00,1.00
2015.07.08 02:19:59.941,0.81195,0.8122,1.00,3.37
2015.07.08 02:20:00.272,0.81195,0.8122,1.00,3.37
2015.07.08 02:20:00.389,0.81195,0.8122,1.12,3.37
2015.07.08 02:20:01.119,0.81195,0.81215,1.12,1.00
2015.07.08 02:20:01.325,0.81195,0.81218,1.00,1.00
2015.07.08 02:20:01.836,0.81194,0.81217,1.00,1.00
2015.07.08 02:20:03.975,0.81192,0.81217,1.87,1.50
2015.07.08 02:20:04.686,0.81193,0.81217,1.00,1.37
2015.07.08 02:20:05.126,0.8119,0.8121,1.00,1.00
2015.07.08 02:20:05.234,0.81188,0.8121,1.00,1.00
2015.07.08 02:20:10.346,0.81187,0.81212,1.37,2.47
2015.07.08 02:20:10.896,0.81198,0.81213,1.12,1.00
2015.07.08 02:20:10.948,0.81198,0.81223,1.87,1.50
2015.07.08 02:20:10.999,0.81198,0.81221,1.87,1.00
2015.07.08 02:20:11.100,0.81199,0.81223,1.12,1.00
2015.07.08 02:20:11.150,0.81203,0.81223,1.00,1.00
2015.07.08 02:20:11.201,0.81204,0.81225,1.00,1.12
2015.07.08 02:20:11.977,0.81204,0.81221,1.00,1.00
2015.07.08 02:20:13.624,0.81204,0.81226,1.00,1.87
2015.07.08 02:20:16.212,0.81204,0.81228,1.00,1.37
2015.07.08 02:20:16.363,0.81206,0.81229,1.00,1.37
2015.07.08 02:20:16.615,0.81207,0.81231,1.00,3.37
2015.07.08 02:20:17.232,0.81207,0.81225,1.00,1.00
2015.07.08 02:20:17.535,0.81207,0.81231,1.87,1.50
2015.07.08 02:20:17.736,0.8121,0.8123,1.00,1.00
2015.07.08 02:20:22.673,0.8121,0.81234,1.00,1.37
2015.07.08 02:20:24.221,0.81211,0.81234,1.00,1.37
2015.07.08 02:20:25.082,0.8121,0.81234,1.50,1.37
2015.07.08 02:20:26.901,0.81211,0.81234,1.00,1.37
2015.07.08 02:20:27.414,0.81211,0.81234,1.00,1.00
2015.07.08 02:20:27.616,0.81213,0.81235,1.50,1.00
2015.07.08 02:20:27.666,0.81214,0.81238,1.00,1.50
2015.07.08 02:20:27.767,0.81216,0.8124,1.00,1.60
2015.07.08 02:20:27.869,0.81216,0.81241,1.00,2.25
2015.07.08 02:20:27.919,0.81218,0.81241,1.00,1.50
2015.07.08 02:20:28.020,0.81219,0.81243,1.50,1.00
2015.07.08 02:20:28.412,0.81221,0.81243,1.00,1.00
2015.07.08 02:20:29.518,0.81222,0.81243,1.00,1.50
2015.07.08 02:20:30.152,0.8122,0.81243,1.37,1.50
2015.07.08 02:20:32.115,0.81222,0.81243,1.00,1.50
2015.07.08 02:20:34.035,0.81222,0.81243,1.37,1.00
2015.07.08 02:20:34.086,0.81223,0.81246,1.37,1.00
2015.07.08 02:20:34.136,0.81224,0.81243,1.37,1.00
2015.07.08 02:20:34.187,0.81224,0.81246,2.62,1.00
2015.07.08 02:20:34.289,0.81225,0.81249,1.37,1.00
2015.07.08 02:20:34.788,0.81229,0.81247,1.00,1.00
2015.07.08 02:20:34.839,0.81229,0.8125,1.00,1.00
2015.07.08 02:20:35.384,0.81229,0.81251,1.00,1.00
2015.07.08 02:20:40.036,0.81228,0.81251,1.50,1.87
2015.07.08 02:20:40.489,0.81228,0.81249,1.00,1.00
2015.07.08 02:20:40.792,0.8123,0.81249,1.00,1.00
2015.07.08 02:20:40.842,0.81231,0.81253,1.00,1.50
2015.07.08 02:20:41.202,0.81232,0.81251,1.00,1.00
2015.07.08 02:20:41.303,0.81232,0.81253,1.00,1.00
2015.07.08 02:20:41.666,0.81234,0.81256,1.00,1.00
2015.07.08 02:20:43.936,0.81234,0.81253,1.00,1.00
2015.07.08 02:20:44.037,0.81234,0.81258,1.50,1.37
2015.07.08 02:20:44.563,0.81235,0.81258,1.00,1.37
2015.07.08 02:20:45.426,0.81234,0.81258,1.50,1.37
2015.07.08 02:20:45.950,0.81234,0.81256,1.00,1.00
2015.07.08 02:20:46.480,0.81233,0.81256,1.00,1.00
2015.07.08 02:20:48.675,0.81233,0.81256,1.00,1.37
2015.07.08 02:20:48.877,0.81231,0.81254,1.00,1.12
2015.07.08 02:20:50.637,0.81231,0.81254,1.00,1.37
2015.07.08 02:20:50.940,0.81228,0.81251,1.00,1.87
2015.07.08 02:20:51.540,0.81228,0.81251,1.00,1.87
2015.07.08 02:20:54.706,0.81226,0.81251,1.87,1.12
2015.07.08 02:21:03.872,0.81226,0.81251,1.00,1.50
2015.07.08 02:21:03.973,0.81226,0.81249,1.00,1.00
2015.07.08 02:21:04.024,0.81223,0.81248,1.87,1.00
2015.07.08 02:21:04.074,0.81228,0.81248,1.37,1.00
2015.07.08 02:21:04.125,0.81229,0.81254,1.12,1.00
2015.07.08 02:21:06.446,0.81229,0.81254,1.12,1.37
2015.07.08 02:21:07.754,0.81229,0.81253,1.00,1.37
2015.07.08 02:21:08.258,0.81228,0.81252,1.00,2.62
2015.07.08 02:21:08.510,0.81227,0.81247,1.00,1.00
2015.07.08 02:21:08.611,0.81227,0.81252,1.00,2.62
2015.07.08 02:21:09.149,0.81226,0.81252,1.00,2.62
2015.07.08 02:21:09.797,0.81226,0.81252,1.00,2.62
2015.07.08 02:21:10.405,0.81225,0.81248,1.50,1.12
2015.07.08 02:21:14.659,0.81225,0.81251,1.87,1.87
2015.07.08 02:21:16.882,0.81225,0.81251,1.87,1.37
2015.07.08 02:21:17.386,0.81224,0.81248,1.37,1.50
2015.07.08 02:21:17.890,0.81224,0.81248,1.37,1.50
2015.07.08 02:21:24.915,0.81226,0.8125,1.00,2.47
2015.07.08 02:21:25.016,0.81223,0.81248,1.00,1.00
2015.07.08 02:21:26.453,0.81223,0.81248,1.37,1.00
2015.07.08 02:21:27.744,0.81223,0.81248,1.12,1.12
2015.07.08 02:21:28.023,0.81223,0.81245,1.12,1.00
2015.07.08 02:21:28.226,0.81223,0.81248,1.00,1.12
2015.07.08 02:21:28.863,0.81223,0.81248,1.00,1.37
2015.07.08 02:21:29.065,0.81222,0.81245,1.12,1.00
2015.07.08 02:21:29.701,0.81221,0.81245,1.12,1.00
2015.07.08 02:21:31.975,0.81221,0.81245,1.37,1.00
2015.07.08 02:21:34.179,0.81216,0.8124,1.00,1.37
2015.07.08 02:21:34.280,0.81213,0.81237,1.00,1.00
2015.07.08 02:21:34.734,0.81212,0.81235,1.00,1.00
2015.07.08 02:21:34.785,0.8121,0.81235,1.50,1.00
2015.07.08 02:21:40.558,0.8121,0.81235,2.47,1.12
2015.07.08 02:21:40.713,0.81213,0.81237,1.12,1.12
2015.07.08 02:21:40.865,0.81215,0.81238,1.37,1.00
2015.07.08 02:21:40.915,0.81215,0.8124,1.37,2.25
2015.07.08 02:21:40.967,0.81215,0.81239,1.00,1.50
2015.07.08 02:21:41.068,0.81219,0.81239,1.00,1.00
2015.07.08 02:21:41.321,0.81215,0.81237,1.00,1.00
2015.07.08 02:21:41.718,0.81215,0.81239,1.50,1.50
2015.07.08 02:21:42.818,0.81215,0.8124,1.50,2.25
2015.07.08 02:21:43.472,0.81216,0.8124,1.00,1.50
2015.07.08 02:21:43.523,0.81218,0.8124,1.00,1.50
2015.07.08 02:21:44.125,0.81218,0.81241,1.50,1.50
2015.07.08 02:21:45.393,0.81218,0.8124,1.00,1.00
2015.07.08 02:21:45.696,0.81215,0.81237,1.12,1.00
2015.07.08 02:21:45.747,0.81215,0.81239,1.12,1.87
2015.07.08 02:21:46.892,0.81215,0.81238,1.12,1.00
2015.07.08 02:21:47.643,0.81213,0.81237,1.37,1.00
2015.07.08 02:21:49.500,0.81212,0.81237,1.87,1.00
2015.07.08 02:21:54.124,0.81212,0.81237,1.87,1.00
2015.07.08 02:21:58.435,0.81212,0.81237,2.62,1.00
2015.07.08 02:22:00.074,0.81212,0.81237,2.62,1.00
2015.07.08 02:22:03.853,0.81212,0.81237,1.37,1.50
2015.07.08 02:22:04.148,0.81212,0.81237,1.00,1.87
2015.07.08 02:22:04.944,0.81212,0.81232,1.00,1.00
2015.07.08 02:22:05.046,0.81209,0.81231,1.50,1.12
2015.07.08 02:22:05.197,0.81205,0.8123,1.50,1.87
2015.07.08 02:22:05.298,0.81204,0.81227,2.62,1.00
2015.07.08 02:22:05.853,0.81204,0.81227,1.12,1.00
2015.07.08 02:22:06.648,0.81203,0.81227,1.12,1.12
2015.07.08 02:22:07.551,0.81203,0.81227,1.37,1.00
2015.07.08 02:22:08.063,0.81204,0.81227,1.37,1.00
2015.07.08 02:22:09.571,0.81205,0.81227,1.00,1.00
2015.07.08 02:22:10.013,0.81205,0.8123,1.50,1.37
2015.07.08 02:22:10.326,0.81202,0.81228,3.37,1.50
2015.07.08 02:22:10.478,0.81203,0.81223,1.00,1.00
2015.07.08 02:22:10.680,0.81201,0.81223,1.00,1.00
2015.07.08 02:22:10.831,0.81198,0.81223,1.50,1.00
2015.07.08 02:22:11.373,0.81201,0.81225,1.00,2.62
2015.07.08 02:22:11.689,0.812,0.81223,1.50,1.00
2015.07.08 02:22:11.840,0.81202,0.81226,1.00,1.00
2015.07.08 02:22:11.891,0.81203,0.81226,1.87,1.00
2015.07.08 02:22:12.345,0.81205,0.81229,1.00,1.00
2015.07.08 02:22:12.880,0.81205,0.8123,1.00,1.50
2015.07.08 02:22:12.993,0.81204,0.81228,1.00,1.00
2015.07.08 02:22:13.611,0.81203,0.81228,1.00,2.25
2015.07.08 02:22:14.146,0.81202,0.81228,2.25,2.25
2015.07.08 02:22:14.753,0.81203,0.81228,1.50,1.50
2015.07.08 02:22:15.536,0.81203,0.81228,1.87,1.50
2015.07.08 02:22:16.985,0.81203,0.81228,1.50,1.50
2015.07.08 02:22:20.306,0.81203,0.81222,1.00,1.00
2015.07.08 02:22:20.357,0.81201,0.81222,1.35,1.00
2015.07.08 02:22:21.899,0.81202,0.81223,1.00,1.00
2015.07.08 02:22:21.950,0.81202,0.81225,1.00,1.00
2015.07.08 02:22:24.232,0.81203,0.81225,1.00,1.00
2015.07.08 02:22:27.096,0.81204,0.81225,1.00,1.00
2015.07.08 02:22:29.074,0.81203,0.81225,1.00,1.00
2015.07.08 02:22:34.213,0.81204,0.81225,1.00,1.00
2015.07.08 02:22:36.706,0.81204,0.81227,1.50,1.00
2015.07.08 02:22:36.764,0.81204,0.81229,1.50,1.87
2015.07.08 02:22:37.328,0.81205,0.81229,1.00,1.00
2015.07.08 02:22:37.378,0.81205,0.81229,1.37,1.00
2015.07.08 02:22:37.580,0.81207,0.81232,1.87,1.37
2015.07.08 02:22:37.732,0.81209,0.81232,1.00,1.37
2015.07.08 02:22:38.442,0.81209,0.81232,1.00,1.12
2015.07.08 02:22:39.595,0.81208,0.81232,1.12,1.12
2015.07.08 02:22:40.695,0.81207,0.81232,1.50,1.87
2015.07.08 02:22:40.947,0.81205,0.81229,1.00,1.12
2015.07.08 02:22:41.458,0.81204,0.81229,1.87,1.12
2015.07.08 02:22:42.146,0.81207,0.81232,1.00,1.12
2015.07.08 02:22:45.912,0.81207,0.81232,1.87,1.00
2015.07.08 02:22:46.473,0.81209,0.81232,1.00,1.00
2015.07.08 02:22:47.836,0.81209,0.81232,1.87,1.00
2015.07.08 02:22:47.988,0.81211,0.81236,1.87,1.37
2015.07.08 02:22:48.267,0.81212,0.81233,1.00,1.00
2015.07.08 02:22:48.418,0.8121,0.81233,1.87,1.00
2015.07.08 02:22:53.551,0.81211,0.81233,1.00,1.00
2015.07.08 02:22:53.702,0.81212,0.81236,1.12,1.12
2015.07.08 02:22:54.908,0.81213,0.81236,1.00,1.12
2015.07.08 02:23:00.943,0.81212,0.81236,2.62,1.37
2015.07.08 02:23:01.980,0.81212,0.81236,1.37,1.00
2015.07.08 02:23:02.132,0.81215,0.81236,1.00,1.00
2015.07.08 02:23:02.183,0.81215,0.81239,1.12,1.37
2015.07.08 02:23:02.489,0.8122,0.81243,1.00,1.60
2015.07.08 02:23:02.792,0.81226,0.81243,1.00,1.00
2015.07.08 02:23:02.893,0.81226,0.81245,1.00,1.00
2015.07.08 02:23:03.095,0.81225,0.81251,3.75,1.00
2015.07.08 02:23:03.196,0.81229,0.81254,1.87,1.50
2015.07.08 02:23:03.652,0.81233,0.81256,1.00,1.00
2015.07.08 02:23:03.955,0.81237,0.81258,1.00,1.50
2015.07.08 02:23:04.056,0.81232,0.81257,1.00,1.00
2015.07.08 02:23:04.258,0.81232,0.81255,1.00,1.00
2015.07.08 02:23:04.561,0.81232,0.81253,1.00,1.00
2015.07.08 02:23:05.663,0.81232,0.81252,1.00,1.00
2015.07.08 02:23:05.764,0.81228,0.81252,1.00,1.00
2015.07.08 02:23:06.994,0.81233,0.81253,1.50,1.00
2015.07.08 02:23:07.095,0.81235,0.81256,1.12,1.00
2015.07.08 02:23:07.145,0.81239,0.81256,1.00,1.00
2015.07.08 02:23:07.196,0.81239,0.81259,1.00,1.00
2015.07.08 02:23:07.247,0.81236,0.81259,1.00,1.50
2015.07.08 02:23:07.297,0.81236,0.81259,1.00,1.87
2015.07.08 02:23:07.449,0.81234,0.81257,1.00,1.50
2015.07.08 02:23:07.500,0.81231,0.81256,1.50,1.00
2015.07.08 02:23:07.550,0.81234,0.81256,2.10,1.00
2015.07.08 02:23:07.920,0.8124,0.81265,1.00,1.50
2015.07.08 02:23:08.072,0.81238,0.81261,1.00,1.00
2015.07.08 02:23:08.576,0.81238,0.81261,1.37,1.00
2015.07.08 02:23:08.880,0.81243,0.81264,1.00,1.00
2015.07.08 02:23:09.970,0.81243,0.81267,1.50,1.87
2015.07.08 02:23:10.710,0.81243,0.81267,1.87,1.00
2015.07.08 02:23:10.761,0.81246,0.81267,1.00,1.00
2015.07.08 02:23:11.066,0.81244,0.81267,1.12,1.00
2015.07.08 02:23:11.611,0.81243,0.81267,2.62,1.37
2015.07.08 02:23:11.662,0.81245,0.81267,1.00,1.37
2015.07.08 02:23:11.713,0.81246,0.81269,1.00,1.87
2015.07.08 02:23:11.814,0.81243,0.81268,1.50,1.37
2015.07.08 02:23:12.271,0.81242,0.81264,1.12,1.00
2015.07.08 02:23:13.000,0.81241,0.81264,1.12,1.00
2015.07.08 02:23:13.303,0.81241,0.81264,1.37,1.00
2015.07.08 02:23:13.841,0.81244,0.81264,1.00,1.00
2015.07.08 02:23:14.043,0.81242,0.81264,1.00,1.00
2015.07.08 02:23:18.437,0.81241,0.81264,1.00,1.00
2015.07.08 02:23:18.723,0.81242,0.81262,1.12,1.00
2015.07.08 02:23:19.025,0.81244,0.81264,1.00,1.00
2015.07.08 02:23:20.338,0.81244,0.8126,1.00,1.00
2015.07.08 02:23:20.439,0.8124,0.8126,1.00,1.00
2015.07.08 02:23:20.540,0.81237,0.8126,1.87,1.00
2015.07.08 02:23:20.692,0.81237,0.81258,1.87,1.00
2015.07.08 02:23:20.995,0.81238,0.81261,1.37,1.00
2015.07.08 02:23:21.146,0.81238,0.8126,1.37,1.00
2015.07.08 02:23:21.342,0.81238,0.81261,1.37,1.00
2015.07.08 02:23:21.853,0.81239,0.81261,1.37,1.00
2015.07.08 02:23:22.067,0.81242,0.81261,1.00,1.00
2015.07.08 02:23:22.593,0.81243,0.81265,1.00,1.00
2015.07.08 02:23:23.611,0.81241,0.81265,1.12,1.12
2015.07.08 02:23:24.153,0.8124,0.81264,1.50,1.12
2015.07.08 02:23:24.204,0.8124,0.8126,1.00,1.00
2015.07.08 02:23:27.451,0.81241,0.8126,1.00,1.00
2015.07.08 02:23:27.502,0.81241,0.81263,1.00,1.00
2015.07.08 02:23:28.036,0.8124,0.81263,1.00,1.00
2015.07.08 02:23:29.114,0.81241,0.81263,1.00,1.00
2015.07.08 02:23:29.229,0.81241,0.81265,1.50,1.00
2015.07.08 02:23:29.632,0.81238,0.81263,1.50,1.00
2015.07.08 02:23:30.172,0.81238,0.81262,1.50,1.00
2015.07.08 02:23:30.481,0.81235,0.8126,1.87,2.25
2015.07.08 02:23:30.988,0.81236,0.8126,1.12,1.50
2015.07.08 02:23:31.986,0.81236,0.81259,1.00,1.00
2015.07.08 02:23:32.037,0.81236,0.81257,1.00,1.00
2015.07.08 02:23:32.590,0.81235,0.81257,1.12,1.00
2015.07.08 02:23:33.193,0.81236,0.81257,1.00,1.00
2015.07.08 02:23:33.865,0.81236,0.81257,1.37,1.00
2015.07.08 02:23:34.117,0.81237,0.8126,1.12,1.00
2015.07.08 02:23:34.646,0.81237,0.8126,1.37,1.00
2015.07.08 02:23:38.904,0.81236,0.8126,1.37,1.00
2015.07.08 02:23:39.992,0.81237,0.8126,1.87,1.00
2015.07.08 02:23:40.391,0.81238,0.81263,1.37,1.50
2015.07.08 02:23:41.000,0.81238,0.81263,1.87,1.50
2015.07.08 02:23:41.424,0.81238,0.81261,1.12,1.00
2015.07.08 02:23:43.308,0.8124,0.81263,1.35,1.50
2015.07.08 02:23:43.460,0.8125,0.81274,1.37,1.00
2015.07.08 02:23:43.511,0.81252,0.81275,1.00,1.50
2015.07.08 02:23:43.822,0.81255,0.81275,1.00,1.00
2015.07.08 02:23:45.271,0.81253,0.81275,1.35,1.00
2015.07.08 02:23:45.948,0.8125,0.81275,1.50,1.12
2015.07.08 02:23:46.150,0.81249,0.81272,1.12,1.00
2015.07.08 02:23:49.290,0.81259,0.81272,2.47,1.00
2015.07.08 02:23:49.442,0.81263,0.8128,1.97,1.00
2015.07.08 02:23:49.544,0.81263,0.81287,2.47,1.00
2015.07.08 02:23:49.852,0.81264,0.81287,2.47,1.00
2015.07.08 02:23:50.798,0.81263,0.81287,1.87,1.00
2015.07.08 02:23:50.949,0.81259,0.81286,2.62,1.87
2015.07.08 02:23:51.486,0.81259,0.81286,2.47,1.50
2015.07.08 02:23:51.537,0.81259,0.81286,3.97,1.50
2015.07.08 02:23:51.740,0.81264,0.81289,1.72,1.87
2015.07.08 02:23:55.609,0.81264,0.81289,1.72,1.37
2015.07.08 02:23:57.800,0.81273,0.81289,2.47,1.00
2015.07.08 02:23:57.851,0.81273,0.81291,2.47,1.00
2015.07.08 02:23:57.902,0.81273,0.81295,2.47,1.00
2015.07.08 02:23:58.053,0.81274,0.81298,1.72,1.00
2015.07.08 02:23:58.562,0.81276,0.813,1.60,1.12
2015.07.08 02:24:00.072,0.81283,0.81301,2.10,1.00
2015.07.08 02:24:00.174,0.81288,0.81309,1.35,1.00
2015.07.08 02:24:00.578,0.81285,0.81309,1.00,1.12
2015.07.08 02:24:00.854,0.81285,0.81309,1.00,1.87
2015.07.08 02:24:01.106,0.81282,0.81305,1.00,1.00
2015.07.08 02:24:01.642,0.81282,0.81305,1.00,1.37
2015.07.08 02:24:02.195,0.81282,0.81305,1.00,1.37
2015.07.08 02:24:06.301,0.81282,0.813,1.00,1.00
2015.07.08 02:24:06.616,0.81281,0.81303,1.00,1.00
2015.07.08 02:24:06.667,0.81278,0.81302,1.00,1.50
2015.07.08 02:24:06.768,0.81275,0.81302,2.25,1.50
2015.07.08 02:24:07.790,0.81277,0.81302,2.10,1.50
2015.07.08 02:24:07.992,0.81282,0.81305,1.35,1.12
2015.07.08 02:24:08.176,0.81282,0.81305,1.00,1.87
2015.07.08 02:24:08.287,0.81277,0.81302,1.00,1.00
2015.07.08 02:24:08.389,0.81282,0.81305,1.00,1.00
2015.07.08 02:24:08.751,0.81277,0.81302,1.12,1.00
2015.07.08 02:24:08.803,0.81277,0.81302,1.60,1.00
2015.07.08 02:24:08.904,0.81282,0.81305,1.00,1.00
2015.07.08 02:24:09.313,0.81277,0.81302,1.60,1.00
2015.07.08 02:24:09.415,0.81282,0.81305,1.00,1.00
2015.07.08 02:24:10.396,0.81282,0.81307,1.00,1.37
2015.07.08 02:24:10.497,0.81279,0.81303,1.00,1.00
2015.07.08 02:24:11.027,0.81279,0.81303,1.00,1.37
2015.07.08 02:24:12.490,0.81279,0.81303,1.00,1.37
2015.07.08 02:24:12.692,0.81274,0.81299,1.00,1.50
2015.07.08 02:24:13.195,0.81271,0.81296,1.00,1.00
2015.07.08 02:24:22.218,0.81272,0.81296,1.00,1.00
2015.07.08 02:24:22.667,0.81275,0.81299,1.00,1.37
2015.07.08 02:24:23.594,0.81275,0.81299,1.12,1.12
2015.07.08 02:24:25.435,0.81278,0.81303,1.00,2.62
2015.07.08 02:24:25.536,0.81278,0.81303,1.12,1.87
2015.07.08 02:24:25.738,0.81281,0.81306,1.00,1.50
2015.07.08 02:24:26.041,0.81285,0.8131,1.00,2.25
2015.07.08 02:24:26.343,0.81288,0.81309,1.00,1.00
2015.07.08 02:24:26.686,0.81284,0.81309,1.00,2.25
2015.07.08 02:24:28.699,0.81284,0.81308,1.00,1.00
2015.07.08 02:24:29.026,0.8128,0.81305,2.47,1.00
2015.07.08 02:24:29.127,0.81283,0.81307,1.00,1.00
2015.07.08 02:24:30.535,0.81283,0.81307,1.60,1.00
2015.07.08 02:24:30.686,0.81288,0.8131,1.00,1.00
2015.07.08 02:24:30.737,0.81288,0.81313,1.00,1.00
2015.07.08 02:24:31.513,0.81289,0.81313,1.00,1.00
2015.07.08 02:24:32.141,0.81288,0.81313,1.00,1.37
2015.07.08 02:24:32.242,0.81288,0.81307,1.00,1.12
2015.07.08 02:24:32.343,0.81283,0.81307,1.00,1.12
2015.07.08 02:24:32.646,0.81286,0.8131,1.00,1.00
2015.07.08 02:24:33.245,0.81286,0.81304,1.00,1.00
2015.07.08 02:24:33.346,0.81276,0.81301,1.50,1.00
2015.07.08 02:24:35.629,0.81276,0.813,1.00,1.00
2015.07.08 02:24:37.389,0.81276,0.81299,1.00,1.00
2015.07.08 02:24:37.909,0.81276,0.81298,1.00,1.00
2015.07.08 02:24:40.289,0.81276,0.81299,1.00,1.00
2015.07.08 02:24:40.799,0.81276,0.813,1.00,1.00
2015.07.08 02:24:41.393,0.81276,0.81301,1.00,1.50
2015.07.08 02:24:41.922,0.81277,0.81301,1.00,1.00
2015.07.08 02:24:42.439,0.81276,0.81301,1.00,1.00
2015.07.08 02:24:43.054,0.81282,0.81304,1.37,1.00
2015.07.08 02:24:43.256,0.81289,0.8131,1.00,1.50
2015.07.08 02:24:43.769,0.81289,0.81311,1.37,1.00
2015.07.08 02:24:44.030,0.81293,0.81312,1.00,1.00
2015.07.08 02:24:44.322,0.81293,0.81317,1.87,1.00
2015.07.08 02:24:44.474,0.81297,0.81318,1.00,1.00
2015.07.08 02:24:44.881,0.81298,0.8132,1.00,1.00
2015.07.08 02:24:45.601,0.81298,0.81321,1.00,1.12
2015.07.08 02:24:46.218,0.81304,0.81322,1.00,1.00
2015.07.08 02:24:46.268,0.81304,0.81326,1.00,1.00
2015.07.08 02:24:46.370,0.81305,0.81329,1.00,1.50
2015.07.08 02:24:46.522,0.81309,0.81329,1.00,1.00
2015.07.08 02:24:46.572,0.81309,0.81332,1.00,1.00
2015.07.08 02:24:46.971,0.81305,0.8133,1.00,1.50
2015.07.08 02:24:47.521,0.81304,0.8133,1.00,2.25
2015.07.08 02:24:48.097,0.81303,0.8133,2.25,2.25
2015.07.08 02:24:49.147,0.81307,0.81332,1.00,1.87
2015.07.08 02:24:49.451,0.81312,0.81332,1.12,1.00
2015.07.08 02:24:49.754,0.81323,0.81342,2.47,1.00
2015.07.08 02:24:49.804,0.81323,0.81343,2.10,1.00
2015.07.08 02:24:49.855,0.81326,0.8135,1.00,1.00
2015.07.08 02:24:50.057,0.81326,0.81351,1.60,1.50
2015.07.08 02:24:50.358,0.81329,0.81354,1.35,1.00
2015.07.08 02:24:50.780,0.81329,0.81354,3.60,1.00
2015.07.08 02:24:50.881,0.81334,0.81356,1.35,1.00
2015.07.08 02:24:51.184,0.81332,0.81355,1.00,1.00
2015.07.08 02:24:51.736,0.81329,0.81354,1.35,1.00
2015.07.08 02:24:51.989,0.81325,0.8135,1.12,1.00
2015.07.08 02:24:52.818,0.81325,0.8135,1.60,1.00
2015.07.08 02:24:53.372,0.81328,0.81351,1.00,1.00
2015.07.08 02:24:53.886,0.81328,0.81352,1.00,1.00
2015.07.08 02:24:56.218,0.81329,0.81352,1.00,1.00
2015.07.08 02:24:56.428,0.81331,0.81356,1.00,1.00
2015.07.08 02:24:56.970,0.81331,0.81356,1.60,1.00
2015.07.08 02:24:57.531,0.81331,0.81356,1.60,1.00
2015.07.08 02:24:57.833,0.8134,0.81364,1.37,1.00
2015.07.08 02:24:58.535,0.81342,0.81365,1.00,1.00
2015.07.08 02:24:58.586,0.8134,0.81365,1.87,1.00
2015.07.08 02:25:02.127,0.81339,0.81362,1.00,1.00
2015.07.08 02:25:02.661,0.81341,0.81363,1.12,1.00
2015.07.08 02:25:02.712,0.81341,0.81366,1.12,1.00
2015.07.08 02:25:02.864,0.81345,0.81368,1.00,1.00
2015.07.08 02:25:02.915,0.81345,0.8137,1.00,3.37
2015.07.08 02:25:03.690,0.81345,0.81366,1.00,1.12
2015.07.08 02:25:03.841,0.81342,0.81365,1.00,1.00
2015.07.08 02:25:03.943,0.81344,0.81365,1.00,1.00
2015.07.08 02:25:04.044,0.81347,0.8137,1.00,1.00
2015.07.08 02:25:04.296,0.81346,0.81368,1.00,1.00
2015.07.08 02:25:04.348,0.81343,0.81368,1.50,1.00
2015.07.08 02:25:05.072,0.81342,0.81365,1.00,1.00
2015.07.08 02:25:05.380,0.81338,0.81362,1.37,1.00
2015.07.08 02:25:05.481,0.81338,0.81362,1.00,1.00
2015.07.08 02:25:06.196,0.81337,0.8136,1.12,1.00
2015.07.08 02:25:06.248,0.81335,0.8136,1.00,1.00
2015.07.08 02:25:06.988,0.81335,0.81358,1.00,1.00
2015.07.08 02:25:07.139,0.81332,0.81356,1.00,1.00
2015.07.08 02:25:10.052,0.81332,0.81356,1.37,1.00
2015.07.08 02:25:10.154,0.81334,0.81359,1.37,1.00
2015.07.08 02:25:10.356,0.81337,0.81361,1.37,1.00
2015.07.08 02:25:10.888,0.81337,0.81362,1.37,1.00
2015.07.08 02:25:11.089,0.81337,0.8136,1.37,1.00
2015.07.08 02:25:11.342,0.81332,0.81357,1.00,1.00
2015.07.08 02:25:11.493,0.81331,0.81354,1.00,1.00
2015.07.08 02:25:12.052,0.8133,0.81354,1.00,1.00
2015.07.08 02:25:13.011,0.81332,0.81355,1.00,1.00
2015.07.08 02:25:13.062,0.81332,0.81357,1.00,1.00
2015.07.08 02:25:13.580,0.81332,0.81357,1.87,1.00
2015.07.08 02:25:13.633,0.81334,0.81361,1.50,1.50
2015.07.08 02:25:14.138,0.81334,0.81361,2.62,1.50
2015.07.08 02:25:18.880,0.81334,0.81361,1.50,1.50
2015.07.08 02:25:18.931,0.81334,0.81357,1.00,1.00
2015.07.08 02:25:19.276,0.81326,0.8135,1.50,1.00
2015.07.08 02:25:19.912,0.81324,0.81348,1.00,1.00
2015.07.08 02:25:20.165,0.81327,0.81352,1.00,1.00
2015.07.08 02:25:22.281,0.81324,0.8135,1.87,1.50
2015.07.08 02:25:22.785,0.81324,0.8135,1.87,1.50
2015.07.08 02:25:23.302,0.81324,0.8135,1.87,1.50
2015.07.08 02:25:27.313,0.81324,0.8135,2.25,1.50
2015.07.08 02:25:27.516,0.81336,0.8136,1.37,1.00
2015.07.08 02:25:27.718,0.81339,0.81362,1.37,1.00
2015.07.08 02:25:28.381,0.81339,0.81363,1.37,1.00
2015.07.08 02:25:30.213,0.81341,0.81364,1.00,1.00
2015.07.08 02:25:30.314,0.81344,0.81368,1.00,1.00
2015.07.08 02:25:31.432,0.81344,0.81369,1.37,2.25
2015.07.08 02:25:31.791,0.81351,0.81374,1.12,1.00
2015.07.08 02:25:32.295,0.81353,0.81374,1.00,1.00
2015.07.08 02:25:32.598,0.81357,0.81379,1.00,1.72
2015.07.08 02:25:33.132,0.81356,0.81378,1.00,1.37
2015.07.08 02:25:33.234,0.81352,0.81375,1.00,2.25
2015.07.08 02:25:33.285,0.81352,0.81373,1.00,1.50
2015.07.08 02:25:33.437,0.81346,0.81371,1.00,1.00
2015.07.08 02:25:33.539,0.81344,0.81368,1.00,1.00
2015.07.08 02:25:34.041,0.81343,0.81368,1.50,1.00
2015.07.08 02:25:34.347,0.81341,0.81365,1.00,1.00
2015.07.08 02:25:34.651,0.81338,0.81362,1.00,1.00
2015.07.08 02:25:35.194,0.81338,0.81361,1.00,1.00
2015.07.08 02:25:35.710,0.81337,0.81361,1.50,1.00
2015.07.08 02:25:36.012,0.81336,0.81359,1.00,1.00
2015.07.08 02:25:36.517,0.81335,0.81359,1.00,1.00
2015.07.08 02:25:37.448,0.81334,0.81359,1.87,1.00
2015.07.08 02:25:38.426,0.81334,0.81359,1.87,1.00
2015.07.08 02:25:38.729,0.81337,0.81361,1.00,1.00
2015.07.08 02:25:40.314,0.81337,0.81359,1.00,1.00
2015.07.08 02:25:40.419,0.81337,0.81361,1.00,1.00
2015.07.08 02:25:41.272,0.81333,0.81351,1.00,1.00
2015.07.08 02:25:41.374,0.81329,0.81351,1.50,1.00
2015.07.08 02:25:41.475,0.81326,0.81351,1.12,1.00
2015.07.08 02:25:41.576,0.81325,0.81348,1.00,1.00
2015.07.08 02:25:41.627,0.81323,0.81348,2.62,1.00
2015.07.08 02:25:43.160,0.81321,0.81345,1.37,1.00
2015.07.08 02:25:43.463,0.81326,0.81351,1.00,1.50
2015.07.08 02:25:43.564,0.81325,0.81348,1.12,1.00
2015.07.08 02:25:43.967,0.81327,0.81351,1.12,1.00
2015.07.08 02:25:44.541,0.81327,0.81351,1.37,1.00
2015.07.08 02:25:46.427,0.81329,0.81351,1.87,1.00
2015.07.08 02:25:47.160,0.81328,0.81351,1.00,1.00
2015.07.08 02:25:47.685,0.81327,0.81351,1.12,1.00
2015.07.08 02:25:48.064,0.81329,0.81351,1.00,1.00
2015.07.08 02:25:48.316,0.81326,0.81351,2.25,1.00
2015.07.08 02:25:49.021,0.81327,0.81351,1.00,1.00
2015.07.08 02:25:49.509,0.81328,0.81355,1.50,1.87
2015.07.08 02:25:49.563,0.81328,0.8135,1.50,1.00
2015.07.08 02:25:49.967,0.81328,0.81351,1.50,1.37
2015.07.08 02:25:50.169,0.81321,0.81341,1.00,1.00
2015.07.08 02:25:50.321,0.81317,0.81341,1.50,1.50
2015.07.08 02:25:50.473,0.81314,0.8134,2.25,1.00
2015.07.08 02:25:50.675,0.81314,0.81337,1.00,1.00
2015.07.08 02:25:51.024,0.81312,0.81337,1.00,1.00
2015.07.08 02:25:53.069,0.81316,0.81341,1.12,1.50
2015.07.08 02:25:54.900,0.81316,0.8134,1.00,1.00
2015.07.08 02:25:55.102,0.81313,0.81338,1.00,1.00
2015.07.08 02:25:55.203,0.8131,0.81335,1.00,1.00
2015.07.08 02:25:56.638,0.81307,0.81332,1.50,1.00
2015.07.08 02:25:56.941,0.81304,0.81328,1.50,1.00
2015.07.08 02:25:58.449,0.81304,0.81328,1.87,1.00
2015.07.08 02:25:58.502,0.81307,0.81332,1.00,1.00
2015.07.08 02:25:59.056,0.81308,0.81332,1.00,1.00
2015.07.08 02:26:00.065,0.81309,0.81332,1.00,1.00
2015.07.08 02:26:00.116,0.81309,0.81335,1.50,2.62
2015.07.08 02:26:06.784,0.81311,0.81335,1.00,1.50
2015.07.08 02:26:07.190,0.81313,0.81338,1.00,1.00
2015.07.08 02:26:07.695,0.81313,0.81338,1.00,1.37
2015.07.08 02:26:07.797,0.81309,0.81334,1.50,1.00
2015.07.08 02:26:10.995,0.81308,0.81331,1.00,1.00
2015.07.08 02:26:11.498,0.81309,0.81334,1.00,1.00
2015.07.08 02:26:12.109,0.81313,0.81337,1.00,1.00
2015.07.08 02:26:12.614,0.81314,0.81337,1.00,1.00
2015.07.08 02:26:13.330,0.81313,0.81337,1.00,1.00
2015.07.08 02:26:17.824,0.81314,0.81337,1.00,1.00
2015.07.08 02:26:17.925,0.81315,0.8134,1.00,1.00
2015.07.08 02:26:21.919,0.81316,0.8134,1.00,1.00
2015.07.08 02:26:22.222,0.81318,0.8134,1.00,1.00
2015.07.08 02:26:22.618,0.81312,0.81336,1.50,1.00
2015.07.08 02:26:23.021,0.81309,0.81334,1.00,1.00
2015.07.08 02:26:23.123,0.81308,0.81331,1.00,1.00
2015.07.08 02:26:23.629,0.81307,0.81331,1.00,1.00
2015.07.08 02:26:25.636,0.81308,0.81331,1.00,1.00
2015.07.08 02:26:25.742,0.81313,0.81338,1.50,1.12
2015.07.08 02:26:25.843,0.81316,0.81339,1.00,1.00
2015.07.08 02:26:25.944,0.81316,0.81341,1.00,1.50
2015.07.08 02:26:26.669,0.81316,0.81341,1.87,1.00
2015.07.08 02:26:26.720,0.81319,0.81342,1.00,1.00
2015.07.08 02:26:27.108,0.81319,0.81344,1.00,1.00
2015.07.08 02:26:30.564,0.81322,0.81347,1.12,1.00
2015.07.08 02:26:31.277,0.81322,0.81346,1.00,1.00
2015.07.08 02:26:31.428,0.81318,0.81345,2.47,1.50
2015.07.08 02:26:31.938,0.81318,0.81345,2.47,1.50
2015.07.08 02:26:32.241,0.81322,0.81347,1.00,1.00
2015.07.08 02:26:32.758,0.81322,0.81347,1.00,1.37
2015.07.08 02:26:33.247,0.81319,0.81343,1.50,1.00
2015.07.08 02:26:36.490,0.81322,0.81344,1.00,1.00
2015.07.08 02:26:36.541,0.81322,0.81347,1.00,1.87
2015.07.08 02:26:37.055,0.81322,0.81347,1.00,1.37
2015.07.08 02:26:37.572,0.81322,0.81347,1.00,1.12
2015.07.08 02:26:38.916,0.81322,0.81346,1.00,1.00
2015.07.08 02:26:40.214,0.81322,0.81347,1.00,1.12
2015.07.08 02:26:40.724,0.81322,0.81346,1.00,1.00
2015.07.08 02:26:41.255,0.81322,0.81347,1.00,1.00
2015.07.08 02:26:44.623,0.81322,0.81347,1.00,1.37
2015.07.08 02:26:45.367,0.81322,0.81347,1.00,1.00
2015.07.08 02:26:48.218,0.81325,0.81348,1.00,1.00
2015.07.08 02:26:48.269,0.81325,0.8135,1.00,2.25
2015.07.08 02:26:54.529,0.81325,0.8135,1.00,3.37
2015.07.08 02:26:54.681,0.81323,0.81347,1.00,1.12
2015.07.08 02:26:55.187,0.81323,0.81347,1.00,1.37
2015.07.08 02:26:55.695,0.81323,0.81347,1.00,1.12
2015.07.08 02:26:56.334,0.81323,0.81347,1.00,1.37
2015.07.08 02:26:57.004,0.81323,0.81347,1.00,1.00
2015.07.08 02:26:58.153,0.81323,0.81347,1.37,1.00
2015.07.08 02:26:58.204,0.81326,0.81348,1.00,1.00
2015.07.08 02:26:58.544,0.81322,0.81346,1.00,1.00
2015.07.08 02:26:59.092,0.81322,0.81346,1.37,1.00
2015.07.08 02:26:59.836,0.81322,0.81346,1.00,1.00
2015.07.08 02:27:01.342,0.81318,0.81341,1.00,1.00
2015.07.08 02:27:01.867,0.81317,0.81341,1.50,1.00
2015.07.08 02:27:02.881,0.8132,0.81345,1.00,1.00
2015.07.08 02:27:03.466,0.8132,0.81345,1.00,1.37
2015.07.08 02:27:03.618,0.81317,0.81343,1.00,1.87
2015.07.08 02:27:04.212,0.81321,0.81343,1.00,1.00
2015.07.08 02:27:04.314,0.81321,0.81346,1.00,1.00
2015.07.08 02:27:04.935,0.81324,0.81347,1.00,1.87
2015.07.08 02:27:05.438,0.81321,0.81346,1.00,1.00
2015.07.08 02:27:06.472,0.81321,0.81346,1.87,1.00
2015.07.08 02:27:06.842,0.81324,0.81346,1.12,1.00
2015.07.08 02:27:06.893,0.81325,0.8135,1.00,1.87
2015.07.08 02:27:07.599,0.81325,0.8135,1.00,1.87
2015.07.08 02:27:08.336,0.81325,0.8135,1.00,1.87
2015.07.08 02:27:09.028,0.81325,0.8135,1.12,1.37
2015.07.08 02:27:09.331,0.81332,0.8135,1.00,1.00
2015.07.08 02:27:09.381,0.81332,0.81355,1.00,1.37
2015.07.08 02:27:09.432,0.8133,0.81355,1.12,1.00
2015.07.08 02:27:10.222,0.8133,0.81353,1.00,1.00
2015.07.08 02:27:10.275,0.8133,0.81355,1.00,1.00
2015.07.08 02:27:10.821,0.8133,0.81355,1.00,1.87
2015.07.08 02:27:13.215,0.8133,0.81355,1.12,1.87
2015.07.08 02:27:13.729,0.8133,0.81355,1.37,1.00
2015.07.08 02:27:14.234,0.81332,0.81355,1.50,1.00
2015.07.08 02:27:14.687,0.81332,0.81359,1.87,3.22
2015.07.08 02:27:15.202,0.81332,0.81359,1.50,3.97
2015.07.08 02:27:15.819,0.81332,0.81355,1.50,1.12
2015.07.08 02:27:16.106,0.81329,0.81355,1.87,1.37
2015.07.08 02:27:16.622,0.81329,0.81355,1.50,1.37
2015.07.08 02:27:17.132,0.81329,0.81351,1.00,1.00
2015.07.08 02:27:17.233,0.81326,0.81351,1.37,1.00
2015.07.08 02:27:17.758,0.81326,0.81351,1.00,1.37
2015.07.08 02:27:17.910,0.81323,0.81347,1.00,1.00
2015.07.08 02:27:17.961,0.81322,0.81344,1.00,1.00
2015.07.08 02:27:18.314,0.81319,0.81344,1.00,1.00
2015.07.08 02:27:19.567,0.81322,0.81345,1.00,1.37
2015.07.08 02:27:20.259,0.81322,0.81345,1.00,1.37
2015.07.08 02:27:21.650,0.81322,0.81347,1.00,1.50
2015.07.08 02:27:22.679,0.81321,0.81344,1.00,1.37
2015.07.08 02:27:22.730,0.81319,0.81344,1.00,1.37
2015.07.08 02:27:23.221,0.81319,0.81344,1.00,3.00
2015.07.08 02:27:23.955,0.81318,0.8134,1.00,1.37
2015.07.08 02:27:24.056,0.81315,0.8134,1.35,1.00
2015.07.08 02:27:24.258,0.81319,0.81341,1.00,1.12
2015.07.08 02:27:24.359,0.81319,0.81343,1.00,1.12
2015.07.08 02:27:26.567,0.81321,0.81344,1.00,1.12
2015.07.08 02:27:28.262,0.81319,0.81343,1.37,1.12
2015.07.08 02:27:28.564,0.81319,0.81343,1.37,1.00
2015.07.08 02:27:29.052,0.81321,0.81346,1.37,1.12
2015.07.08 02:27:29.599,0.81321,0.81346,1.00,1.00
2015.07.08 02:27:30.903,0.81321,0.81346,1.00,1.87
2015.07.08 02:27:31.055,0.81317,0.81343,1.87,1.50
2015.07.08 02:27:32.478,0.81312,0.81335,1.00,1.00
2015.07.08 02:27:32.580,0.8131,0.81335,1.50,1.00
2015.07.08 02:27:32.732,0.81312,0.81335,1.60,1.00
2015.07.08 02:27:32.885,0.81318,0.8134,1.50,1.00
2015.07.08 02:27:33.167,0.8132,0.8134,1.00,1.00
2015.07.08 02:27:33.571,0.8132,0.81345,1.00,1.87
2015.07.08 02:27:34.068,0.81318,0.81342,1.00,1.00
2015.07.08 02:27:34.878,0.8132,0.81344,1.00,1.37
2015.07.08 02:27:35.418,0.8132,0.81338,1.00,1.37
2015.07.08 02:27:35.477,0.81311,0.81338,1.50,3.37
2015.07.08 02:27:35.528,0.81311,0.81337,1.50,1.12
2015.07.08 02:27:35.579,0.8131,0.81334,1.00,1.00
2015.07.08 02:27:35.882,0.81307,0.81332,2.10,1.12
2015.07.08 02:27:36.185,0.81307,0.81329,1.60,1.12
2015.07.08 02:27:37.454,0.81307,0.81329,1.60,1.37
2015.07.08 02:27:38.332,0.81307,0.81329,1.60,1.00
2015.07.08 02:27:38.841,0.81308,0.81333,1.35,1.37
2015.07.08 02:27:44.963,0.81308,0.81333,1.35,1.37
2015.07.08 02:27:45.471,0.81308,0.81333,1.72,1.37
2015.07.08 02:27:45.775,0.81308,0.81331,1.00,1.37
2015.07.08 02:27:45.825,0.81305,0.8133,1.00,1.12
2015.07.08 02:27:45.977,0.81305,0.8133,1.00,1.37
2015.07.08 02:27:49.393,0.81305,0.8133,1.00,1.75
2015.07.08 02:27:49.545,0.81302,0.81327,1.00,1.50
2015.07.08 02:27:49.646,0.81299,0.81323,1.30,1.12
2015.07.08 02:27:49.697,0.81298,0.81323,1.60,1.37
2015.07.08 02:27:49.798,0.81298,0.81323,1.00,1.00
2015.07.08 02:27:49.899,0.81298,0.81322,1.00,1.37
2015.07.08 02:27:50.367,0.81287,0.81314,2.10,1.37
2015.07.08 02:27:50.722,0.81286,0.8131,1.00,1.00
2015.07.08 02:27:51.501,0.81286,0.8131,1.37,1.00
2015.07.08 02:27:51.846,0.81288,0.81313,1.12,1.00
2015.07.08 02:27:54.515,0.81288,0.81313,1.00,1.37
2015.07.08 02:27:54.616,0.81291,0.81315,1.00,1.37
2015.07.08 02:27:55.389,0.81291,0.81315,1.00,1.37
2015.07.08 02:27:56.119,0.81291,0.81316,1.00,2.62
2015.07.08 02:27:56.321,0.81295,0.81318,1.00,1.37
2015.07.08 02:27:56.422,0.81295,0.81319,1.00,1.00
2015.07.08 02:27:56.725,0.81296,0.81322,1.50,1.37
2015.07.08 02:27:57.545,0.81296,0.81322,1.50,1.37
2015.07.08 02:27:57.646,0.81296,0.81322,1.50,1.37
2015.07.08 02:27:58.281,0.81296,0.81322,1.50,1.37
2015.07.08 02:27:58.793,0.81296,0.81322,1.50,1.37
2015.07.08 02:27:58.844,0.81296,0.81322,1.50,1.37
2015.07.08 02:27:59.045,0.81296,0.81322,1.50,1.37
2015.07.08 02:27:59.146,0.81296,0.81322,1.50,1.37
2015.07.08 02:27:59.247,0.81296,0.81322,1.50,1.87
2015.07.08 02:27:59.775,0.81296,0.81321,1.50,1.12
2015.07.08 02:28:00.321,0.81296,0.81322,1.50,1.87
2015.07.08 02:28:00.625,0.81293,0.81317,1.35,1.00
2015.07.08 02:28:01.292,0.81293,0.81317,1.00,1.37
2015.07.08 02:28:01.546,0.8129,0.81314,1.00,1.00
2015.07.08 02:28:01.747,0.81288,0.81312,1.00,1.00
2015.07.08 02:28:02.106,0.81283,0.81308,1.60,1.50
2015.07.08 02:28:02.257,0.8128,0.81305,1.00,1.00
2015.07.08 02:28:02.459,0.81277,0.81302,1.00,1.00
2015.07.08 02:28:03.022,0.81274,0.81298,2.10,1.00
2015.07.08 02:28:06.881,0.81274,0.81298,1.60,1.37
2015.07.08 02:28:07.219,0.81274,0.81298,1.60,1.37
2015.07.08 02:28:07.321,0.8127,0.81293,1.00,1.00
2015.07.08 02:28:07.422,0.81266,0.81291,1.72,1.12
2015.07.08 02:28:07.825,0.81263,0.81288,1.60,1.00
2015.07.08 02:28:08.127,0.81263,0.81288,1.60,1.37
2015.07.08 02:28:08.666,0.81258,0.81282,1.60,1.00
2015.07.08 02:28:08.819,0.81257,0.81282,1.00,1.00
2015.07.08 02:28:09.324,0.8126,0.81282,1.60,1.00
2015.07.08 02:28:09.374,0.8126,0.81284,2.10,1.00
2015.07.08 02:28:09.576,0.81262,0.81287,1.60,1.12
2015.07.08 02:28:12.108,0.81265,0.81289,1.35,1.00
2015.07.08 02:28:12.566,0.81267,0.81292,1.00,1.00
2015.07.08 02:28:13.222,0.81269,0.81292,1.00,1.00
2015.07.08 02:28:13.272,0.8127,0.81295,1.00,1.00
2015.07.08 02:28:14.034,0.81272,0.81295,1.00,1.00
2015.07.08 02:28:14.085,0.81273,0.81297,1.00,1.00
2015.07.08 02:28:17.273,0.81275,0.81297,1.00,1.00
2015.07.08 02:28:17.375,0.81275,0.813,1.50,1.37
2015.07.08 02:28:17.887,0.8128,0.81305,1.00,1.37
2015.07.08 02:28:18.547,0.8128,0.81305,1.00,1.37
2015.07.08 02:28:19.400,0.8128,0.81304,1.00,1.37
2015.07.08 02:28:19.451,0.81278,0.81302,1.00,1.12
2015.07.08 02:28:19.990,0.81278,0.81301,1.00,1.12
2015.07.08 02:28:21.248,0.81275,0.813,1.00,1.00
2015.07.08 02:28:36.474,0.81276,0.81301,1.00,1.50
2015.07.08 02:28:37.450,0.81276,0.81301,1.00,1.37
2015.07.08 02:28:42.267,0.81276,0.81301,1.00,1.37
2015.07.08 02:28:44.448,0.81274,0.81298,1.00,1.00
2015.07.08 02:28:50.287,0.8127,0.81291,1.35,1.00
2015.07.08 02:28:52.214,0.8127,0.81295,1.35,1.00
2015.07.08 02:29:06.463,0.81268,0.81293,1.60,1.50
2015.07.08 02:29:11.651,0.8127,0.81294,1.35,1.00
2015.07.08 02:29:13.088,0.8127,0.81292,1.00,1.00
2015.07.08 02:29:13.189,0.81266,0.81291,1.00,1.00
2015.07.08 02:29:13.693,0.81266,0.8129,1.00,1.00
2015.07.08 02:29:14.367,0.81266,0.81291,1.00,1.00
2015.07.08 02:29:16.315,0.81263,0.81287,1.00,1.00
2015.07.08 02:29:18.319,0.81263,0.81286,1.00,1.00
2015.07.08 02:29:18.956,0.8126,0.81286,1.60,1.50
2015.07.08 02:29:25.860,0.81257,0.81282,2.47,1.00
2015.07.08 02:29:25.916,0.81257,0.81282,2.47,1.00
2015.07.08 02:29:26.437,0.81257,0.81282,1.97,1.12
2015.07.08 02:29:35.822,0.81257,0.81282,1.72,1.00
2015.07.08 02:29:37.293,0.81259,0.81286,2.10,2.62
2015.07.08 02:29:38.100,0.81259,0.81286,2.10,2.25
2015.07.08 02:29:38.429,0.81259,0.81279,1.60,1.00
2015.07.08 02:29:38.536,0.81253,0.81278,2.10,1.12
2015.07.08 02:29:38.587,0.81253,0.81278,2.10,1.37
2015.07.08 02:29:39.109,0.8125,0.81275,3.22,1.12
2015.07.08 02:29:40.093,0.8125,0.81275,2.10,1.37
2015.07.08 02:29:40.598,0.8125,0.81275,2.10,1.12
2015.07.08 02:29:42.306,0.81251,0.81275,1.00,1.12
2015.07.08 02:29:43.336,0.8125,0.81275,2.47,1.00
2015.07.08 02:29:44.095,0.8125,0.81275,2.47,1.00
2015.07.08 02:29:44.694,0.81251,0.81275,1.50,1.00
2015.07.08 02:29:44.946,0.81255,0.81279,1.37,1.50
2015.07.08 02:29:45.319,0.81255,0.81279,2.47,1.00
2015.07.08 02:29:45.685,0.81262,0.81283,1.00,1.00
2015.07.08 02:29:45.786,0.81263,0.81287,1.00,1.00
2015.07.08 02:29:53.649,0.81264,0.81287,1.00,1.00
2015.07.08 02:29:53.750,0.81265,0.8129,1.00,1.00
2015.07.08 02:29:54.276,0.81267,0.8129,1.00,1.00
2015.07.08 02:29:54.327,0.81267,0.81293,1.50,1.50
2015.07.08 02:29:54.784,0.81269,0.81293,1.00,1.50
2015.07.08 02:29:54.885,0.81269,0.81296,1.87,1.50
2015.07.08 02:29:55.349,0.8127,0.81296,1.72,1.50
2015.07.08 02:29:56.132,0.8127,0.81296,1.72,1.87
2015.07.08 02:29:56.435,0.8127,0.81293,1.72,1.50
2015.07.08 02:29:57.249,0.8127,0.81296,1.72,1.87
2015.07.08 02:29:57.865,0.8127,0.81293,1.00,1.12
2015.07.08 02:29:58.066,0.81267,0.81292,1.00,1.00
2015.07.08 02:29:58.471,0.81267,0.8129,1.00,1.00
2015.07.08 02:29:58.572,0.81264,0.81289,1.12,1.00
2015.07.08 02:30:02.301,0.81265,0.81289,1.00,1.00
2015.07.08 02:30:04.075,0.81264,0.81289,1.87,1.00
2015.07.08 02:30:04.906,0.81265,0.81289,1.00,1.00
2015.07.08 02:30:06.215,0.81264,0.81289,1.87,1.00
2015.07.08 02:30:10.681,0.81264,0.81287,1.00,1.00
2015.07.08 02:30:10.833,0.81261,0.81286,1.72,1.00
2015.07.08 02:30:11.227,0.81263,0.81286,1.00,1.00
2015.07.08 02:30:11.277,0.81264,0.81289,1.00,1.00
2015.07.08 02:30:25.208,0.81266,0.81289,1.00,1.00
2015.07.08 02:30:25.309,0.81267,0.81292,1.00,1.00
2015.07.08 02:30:25.746,0.81267,0.81289,1.00,1.00
2015.07.08 02:30:25.796,0.81263,0.81288,1.37,1.00
2015.07.08 02:30:25.897,0.81266,0.81291,1.00,1.00
2015.07.08 02:30:31.888,0.81266,0.81291,1.37,1.00
2015.07.08 02:30:33.103,0.8127,0.81292,1.00,1.00
2015.07.08 02:30:33.154,0.8127,0.81294,1.50,1.00
2015.07.08 02:30:33.305,0.8127,0.81296,1.50,1.00
2015.07.08 02:30:33.406,0.8127,0.81293,1.00,1.00
2015.07.08 02:30:33.457,0.81268,0.81293,1.00,1.00
2015.07.08 02:30:39.445,0.8127,0.81293,1.00,1.00
2015.07.08 02:30:39.697,0.81274,0.81298,1.00,1.00
2015.07.08 02:30:40.214,0.81274,0.81299,1.12,1.00
2015.07.08 02:30:41.549,0.81274,0.81297,1.00,1.00
2015.07.08 02:30:41.650,0.81271,0.81296,1.00,1.00
2015.07.08 02:30:41.953,0.81268,0.81293,1.72,1.00
2015.07.08 02:30:42.338,0.81265,0.8129,3.97,1.00
2015.07.08 02:30:42.797,0.81265,0.8129,2.62,1.00
2015.07.08 02:30:45.483,0.81265,0.8129,1.00,1.37
2015.07.08 02:30:45.954,0.81265,0.8129,1.00,1.00
2015.07.08 02:30:46.056,0.81261,0.81285,1.87,1.00
2015.07.08 02:30:46.935,0.81262,0.81285,1.12,1.00
2015.07.08 02:30:49.274,0.8126,0.81285,4.12,1.00
2015.07.08 02:30:49.375,0.81263,0.81288,1.37,1.00
2015.07.08 02:30:49.882,0.81263,0.81288,1.37,1.00
2015.07.08 02:30:50.228,0.81263,0.81288,1.37,1.00
2015.07.08 02:30:50.858,0.81264,0.81288,1.37,1.00
2015.07.08 02:30:51.834,0.81267,0.81289,1.00,1.00
2015.07.08 02:30:51.885,0.81267,0.81292,1.00,1.00
2015.07.08 02:30:52.744,0.81264,0.81289,1.50,1.00
2015.07.08 02:30:55.594,0.81264,0.81289,1.87,1.00
2015.07.08 02:30:55.745,0.81267,0.81292,1.12,1.00
2015.07.08 02:30:59.882,0.81268,0.81292,1.37,1.00
2015.07.08 02:30:59.983,0.8127,0.81295,1.37,1.00
2015.07.08 02:31:00.184,0.8127,0.81295,1.12,1.00
2015.07.08 02:31:00.695,0.8127,0.81295,3.22,1.00
2015.07.08 02:31:02.675,0.8127,0.81295,2.47,1.00
2015.07.08 02:31:03.293,0.8127,0.81295,1.72,1.00
2015.07.08 02:31:06.176,0.8127,0.81292,1.72,1.00
2015.07.08 02:31:06.285,0.81267,0.81292,1.87,1.12
2015.07.08 02:31:06.655,0.81264,0.81289,1.37,1.00
2015.07.08 02:31:07.193,0.81264,0.81289,1.00,1.00
2015.07.08 02:31:13.303,0.81265,0.81289,1.00,1.00
2015.07.08 02:31:13.606,0.81268,0.81292,1.00,1.00
2015.07.08 02:31:31.005,0.81265,0.8129,1.00,1.00
2015.07.08 02:31:31.545,0.81265,0.8129,1.37,1.00
2015.07.08 02:31:33.224,0.81269,0.81294,1.00,1.00
2015.07.08 02:31:38.457,0.81269,0.81294,1.37,1.00
2015.07.08 02:31:39.347,0.81269,0.81294,1.12,1.12
2015.07.08 02:31:43.777,0.81269,0.81294,1.00,1.37
2015.07.08 02:31:43.828,0.81266,0.81291,1.00,1.00
2015.07.08 02:31:44.901,0.81269,0.81293,1.00,1.12
2015.07.08 02:31:47.162,0.81269,0.81293,1.37,1.00
2015.07.08 02:31:50.727,0.81269,0.81292,1.00,1.37
2015.07.08 02:31:50.828,0.81266,0.81291,1.37,1.12
2015.07.08 02:31:51.865,0.81266,0.81291,1.00,1.00
2015.07.08 02:31:53.209,0.81266,0.81289,1.00,1.00
