2016.11.15 23:00:00.216,0.77383,0.7743,1.50,1.00
2016.11.15 23:00:00.267,0.77381,0.77429,1.00,1.00
2016.11.15 23:00:00.368,0.77378,0.77427,1.50,1.00
2016.11.15 23:00:00.468,0.77375,0.77427,1.00,1.50
2016.11.15 23:00:00.569,0.77379,0.77426,1.00,1.00
2016.11.15 23:00:00.619,0.77379,0.77432,1.00,1.50
2016.11.15 23:00:00.670,0.77374,0.77426,1.00,1.00
2016.11.15 23:00:00.720,0.77375,0.7743,1.00,1.50
2016.11.15 23:00:00.771,0.77375,0.77427,1.00,1.00
2016.11.15 23:00:01.043,0.77378,0.77432,1.00,1.00
2016.11.15 23:00:01.399,0.7738,0.77433,1.00,1.00
2016.11.15 23:00:01.803,0.77381,0.77435,1.00,3.37
2016.11.15 23:00:02.167,0.77383,0.77435,1.00,1.12
2016.11.15 23:00:02.519,0.77383,0.77433,1.00,1.00
2016.11.15 23:00:02.686,0.77383,0.77435,1.00,1.00
2016.11.15 23:00:03.221,0.77382,0.77435,1.00,1.12
2016.11.15 23:00:03.322,0.77382,0.77433,1.00,1.00
2016.11.15 23:00:03.422,0.77382,0.77436,1.00,2.62
2016.11.15 23:00:03.840,0.7738,0.77433,3.00,1.00
2016.11.15 23:00:04.323,0.77379,0.7743,1.00,1.00
2016.11.15 23:00:05.119,0.77379,0.77431,2.25,1.00
2016.11.15 23:00:05.424,0.77381,0.77431,1.00,1.00
2016.11.15 23:00:05.929,0.77381,0.77432,1.00,1.00
2016.11.15 23:00:06.431,0.77381,0.77431,1.00,1.00
2016.11.15 23:00:06.641,0.77378,0.77431,2.25,1.00
2016.11.15 23:00:07.186,0.77378,0.7743,1.50,1.00
2016.11.15 23:00:07.619,0.77376,0.77429,1.50,1.00
2016.11.15 23:00:07.801,0.77374,0.77429,1.50,1.00
2016.11.15 23:00:07.851,0.77374,0.77426,1.00,1.00
2016.11.15 23:00:08.459,0.77373,0.77425,1.00,1.00
2016.11.15 23:00:08.970,0.77372,0.77424,1.50,1.00
2016.11.15 23:00:10.114,0.77372,0.77423,1.00,1.00
2016.11.15 23:00:10.265,0.77369,0.77422,1.50,1.00
2016.11.15 23:00:10.316,0.77369,0.7742,1.50,1.00
2016.11.15 23:00:11.215,0.77369,0.77419,1.00,1.00
2016.11.15 23:00:11.844,0.77369,0.77421,1.00,1.00
2016.11.15 23:00:14.317,0.77369,0.77422,1.00,1.00
2016.11.15 23:00:14.772,0.77371,0.77422,1.00,1.00
2016.11.15 23:00:15.519,0.77371,0.77423,1.50,1.00
2016.11.15 23:00:15.883,0.7737,0.77421,1.00,1.00
2016.11.15 23:00:16.467,0.77369,0.77421,2.25,1.00
2016.11.15 23:00:17.019,0.7737,0.77421,1.00,1.00
2016.11.15 23:00:17.520,0.7737,0.7742,1.00,1.00
2016.11.15 23:00:17.906,0.77369,0.77418,2.25,1.00
2016.11.15 23:00:18.650,0.77372,0.77418,1.00,1.00
2016.11.15 23:00:22.855,0.77372,0.77417,1.00,1.00
2016.11.15 23:00:25.879,0.77372,0.77418,1.00,1.00
2016.11.15 23:00:26.400,0.77372,0.77417,1.00,1.00
2016.11.15 23:00:26.551,0.77371,0.77419,1.00,1.00
2016.11.15 23:00:26.973,0.77373,0.77419,1.00,1.00
2016.11.15 23:00:27.174,0.77374,0.77421,1.00,1.00
2016.11.15 23:00:27.656,0.77376,0.77421,1.00,1.00
2016.11.15 23:00:27.857,0.77376,0.77423,1.00,1.00
2016.11.15 23:00:28.404,0.77377,0.77423,1.00,1.00
2016.11.15 23:00:28.919,0.77378,0.77424,1.00,1.00
2016.11.15 23:00:29.085,0.77382,0.77427,1.00,1.00
2016.11.15 23:00:29.186,0.77382,0.7743,1.00,1.00
2016.11.15 23:00:29.388,0.77384,0.77429,1.00,1.00
2016.11.15 23:00:29.589,0.77385,0.77432,1.00,1.00
2016.11.15 23:00:29.690,0.77386,0.77428,1.00,1.00
2016.11.15 23:00:30.568,0.77384,0.77429,1.00,1.00
2016.11.15 23:00:31.110,0.77385,0.7743,1.00,1.00
2016.11.15 23:00:31.612,0.77386,0.7743,1.00,1.00
2016.11.15 23:00:31.713,0.77387,0.77436,1.00,1.00
2016.11.15 23:00:32.184,0.7739,0.77437,1.00,1.00
2016.11.15 23:00:32.731,0.77389,0.77436,1.00,1.00
2016.11.15 23:00:33.070,0.77392,0.77436,1.00,1.00
2016.11.15 23:00:33.373,0.77396,0.77436,1.00,1.00
2016.11.15 23:00:33.674,0.77398,0.77437,1.00,1.00
2016.11.15 23:00:33.976,0.77398,0.7744,1.00,1.00
2016.11.15 23:00:34.493,0.77402,0.77439,1.00,1.00
2016.11.15 23:00:34.678,0.77398,0.7744,1.00,1.00
2016.11.15 23:00:35.487,0.77395,0.77439,1.00,1.50
2016.11.15 23:00:35.588,0.77399,0.77435,1.00,1.00
2016.11.15 23:00:35.688,0.77395,0.77434,1.00,1.00
2016.11.15 23:00:35.854,0.77399,0.77436,1.00,1.00
2016.11.15 23:00:35.955,0.77396,0.77434,1.00,1.00
2016.11.15 23:00:36.056,0.77393,0.77434,1.00,1.00
2016.11.15 23:00:36.156,0.77396,0.77433,1.00,1.00
2016.11.15 23:00:36.270,0.77392,0.77434,1.00,1.00
2016.11.15 23:00:36.371,0.77398,0.77433,1.00,1.00
2016.11.15 23:00:36.503,0.77395,0.77432,1.00,1.00
2016.11.15 23:00:36.704,0.77399,0.77432,1.00,1.00
2016.11.15 23:00:36.754,0.77395,0.77432,1.00,1.00
2016.11.15 23:00:36.855,0.77399,0.77432,1.00,1.00
2016.11.15 23:00:37.065,0.77396,0.77432,1.00,1.00
2016.11.15 23:00:37.266,0.77399,0.77431,1.00,1.00
2016.11.15 23:00:37.367,0.77396,0.77432,1.00,1.00
2016.11.15 23:00:37.468,0.77399,0.77432,1.00,1.00
2016.11.15 23:00:37.568,0.77396,0.77432,1.00,1.00
2016.11.15 23:00:37.660,0.774,0.77431,1.00,1.00
2016.11.15 23:00:37.760,0.77396,0.77432,1.00,1.00
2016.11.15 23:00:38.005,0.77397,0.7743,1.00,1.00
2016.11.15 23:00:38.106,0.77391,0.77431,1.00,1.00
2016.11.15 23:00:38.207,0.77388,0.77424,1.00,1.00
2016.11.15 23:00:38.258,0.77383,0.7742,1.00,1.00
2016.11.15 23:00:38.359,0.7738,0.77419,1.00,1.00
2016.11.15 23:00:38.661,0.77376,0.77418,1.00,1.50
2016.11.15 23:00:39.601,0.77377,0.77418,1.00,1.50
2016.11.15 23:00:40.377,0.7738,0.77418,1.00,1.00
2016.11.15 23:00:40.899,0.77379,0.77418,1.00,1.00
2016.11.15 23:00:41.339,0.7738,0.77416,1.00,1.00
2016.11.15 23:00:41.390,0.77377,0.77416,1.00,1.50
2016.11.15 23:00:41.507,0.77376,0.77414,1.00,1.00
2016.11.15 23:00:42.264,0.77377,0.77413,1.00,1.00
2016.11.15 23:00:43.316,0.77375,0.77414,1.00,1.00
2016.11.15 23:00:43.567,0.77377,0.77413,1.00,1.00
2016.11.15 23:00:44.388,0.77376,0.77414,1.00,1.00
2016.11.15 23:00:44.920,0.77375,0.77414,1.00,1.00
2016.11.15 23:00:45.270,0.77377,0.77414,1.00,1.00
2016.11.15 23:00:45.374,0.77375,0.77414,1.00,1.00
2016.11.15 23:00:45.776,0.77375,0.77417,1.00,1.00
2016.11.15 23:00:45.877,0.77376,0.77419,1.00,1.00
2016.11.15 23:00:46.071,0.77374,0.77419,1.00,1.00
2016.11.15 23:00:46.272,0.77376,0.77419,1.00,1.00
2016.11.15 23:00:46.390,0.77374,0.77419,1.00,1.00
2016.11.15 23:00:46.699,0.77376,0.77419,1.00,1.00
2016.11.15 23:00:46.800,0.77374,0.77419,1.00,1.00
2016.11.15 23:00:47.020,0.77376,0.77419,1.00,1.00
2016.11.15 23:00:47.121,0.77374,0.77419,1.00,1.00
2016.11.15 23:00:47.222,0.77377,0.77419,1.00,1.00
2016.11.15 23:00:47.323,0.77377,0.77424,1.50,1.00
2016.11.15 23:00:47.409,0.77379,0.77424,1.00,1.00
2016.11.15 23:00:47.711,0.77385,0.77427,1.00,1.00
2016.11.15 23:00:47.812,0.77385,0.7743,1.00,1.00
2016.11.15 23:00:48.013,0.77387,0.77431,1.50,1.00
2016.11.15 23:00:48.315,0.77389,0.77434,1.50,1.50
2016.11.15 23:00:48.416,0.77391,0.77434,1.00,1.00
2016.11.15 23:00:48.927,0.77391,0.77435,1.00,1.00
2016.11.15 23:00:49.910,0.77392,0.77435,1.00,1.00
2016.11.15 23:00:50.212,0.77394,0.77433,1.00,1.00
2016.11.15 23:00:51.122,0.77393,0.77432,1.00,1.00
2016.11.15 23:00:51.821,0.77392,0.77431,1.00,1.00
2016.11.15 23:00:52.221,0.77392,0.77433,1.00,1.00
2016.11.15 23:00:52.769,0.77393,0.77433,1.00,1.00
2016.11.15 23:00:55.723,0.77392,0.77432,1.00,1.00
2016.11.15 23:00:56.639,0.77393,0.77433,1.00,1.00
2016.11.15 23:00:57.174,0.77392,0.77432,1.00,1.00
2016.11.15 23:00:57.743,0.77393,0.77433,1.00,1.00
2016.11.15 23:00:58.289,0.77392,0.77432,1.00,1.00
2016.11.15 23:00:59.924,0.77391,0.77432,1.00,1.00
2016.11.15 23:01:00.911,0.77392,0.77433,1.00,1.00
2016.11.15 23:01:02.122,0.77393,0.77434,1.00,2.25
2016.11.15 23:01:02.757,0.77392,0.77433,1.00,1.00
2016.11.15 23:01:03.323,0.77393,0.77434,1.00,1.00
2016.11.15 23:01:03.872,0.77392,0.77433,1.00,1.00
2016.11.15 23:01:04.520,0.77393,0.77434,1.00,1.00
2016.11.15 23:01:05.024,0.77392,0.77433,1.00,1.00
2016.11.15 23:01:05.191,0.77392,0.77435,1.00,1.50
2016.11.15 23:01:06.327,0.77392,0.77434,1.00,1.00
2016.11.15 23:01:07.021,0.77392,0.77433,1.00,1.00
2016.11.15 23:01:07.907,0.77391,0.77433,1.00,1.00
2016.11.15 23:01:09.068,0.77392,0.77434,1.00,1.50
2016.11.15 23:01:09.623,0.77392,0.77433,1.00,1.00
2016.11.15 23:01:10.170,0.7739,0.77432,1.00,1.00
2016.11.15 23:01:10.271,0.7739,0.77434,1.00,1.50
2016.11.15 23:01:10.763,0.77392,0.77434,1.00,2.25
2016.11.15 23:01:11.270,0.77391,0.77433,1.00,1.00
2016.11.15 23:01:12.557,0.77392,0.77433,1.00,1.00
2016.11.15 23:01:13.169,0.77391,0.77436,1.00,1.50
2016.11.15 23:01:13.372,0.77391,0.77433,1.00,1.00
2016.11.15 23:01:13.890,0.7739,0.77434,1.00,1.50
2016.11.15 23:01:15.271,0.77392,0.77433,1.00,1.00
2016.11.15 23:01:17.575,0.77391,0.77433,1.00,1.00
2016.11.15 23:01:18.120,0.77392,0.77433,1.00,1.00
2016.11.15 23:01:18.734,0.77391,0.77433,1.00,1.00
2016.11.15 23:01:22.078,0.77392,0.77433,1.00,1.00
2016.11.15 23:01:22.723,0.77391,0.77433,1.00,1.00
2016.11.15 23:01:23.025,0.77388,0.7743,1.00,1.00
2016.11.15 23:01:23.616,0.7739,0.77431,1.00,1.00
2016.11.15 23:01:24.135,0.77389,0.7743,1.00,1.00
2016.11.15 23:01:25.688,0.77389,0.77431,1.00,1.00
2016.11.15 23:01:26.174,0.77391,0.77433,1.00,1.00
2016.11.15 23:01:27.073,0.77389,0.77431,1.00,1.00
2016.11.15 23:01:27.275,0.77389,0.77433,1.00,1.50
2016.11.15 23:01:27.691,0.77389,0.77431,1.00,1.00
2016.11.15 23:01:28.220,0.7739,0.77432,1.00,1.00
2016.11.15 23:01:29.178,0.77389,0.77431,1.00,1.00
2016.11.15 23:01:29.722,0.77388,0.7743,1.00,1.00
2016.11.15 23:01:30.261,0.77387,0.77431,1.00,1.50
2016.11.15 23:01:30.961,0.77389,0.77432,1.00,1.50
2016.11.15 23:01:31.472,0.77388,0.7743,1.00,1.50
2016.11.15 23:01:34.284,0.7739,0.77431,1.00,1.00
2016.11.15 23:01:34.490,0.77388,0.7743,1.00,1.00
2016.11.15 23:01:35.263,0.77389,0.77431,1.00,1.00
2016.11.15 23:01:35.773,0.7739,0.77432,1.00,1.00
2016.11.15 23:01:36.107,0.77388,0.7743,1.00,1.00
2016.11.15 23:01:36.771,0.77389,0.7743,1.00,1.00
2016.11.15 23:01:37.286,0.7739,0.77431,1.00,1.00
2016.11.15 23:01:37.571,0.77388,0.7743,1.00,1.00
2016.11.15 23:01:37.972,0.77388,0.77432,1.00,1.00
2016.11.15 23:01:38.273,0.77388,0.7743,1.00,1.00
2016.11.15 23:01:38.809,0.77389,0.77431,1.00,1.00
2016.11.15 23:01:39.311,0.77388,0.7743,1.00,1.00
2016.11.15 23:01:39.822,0.77389,0.77431,1.00,1.00
2016.11.15 23:01:40.325,0.77388,0.7743,1.00,1.00
2016.11.15 23:01:40.975,0.77389,0.77432,1.00,1.00
2016.11.15 23:01:41.371,0.77387,0.7743,1.00,1.00
2016.11.15 23:01:41.967,0.77389,0.77431,1.00,1.00
2016.11.15 23:01:42.169,0.77387,0.7743,1.00,1.00
2016.11.15 23:01:42.608,0.77389,0.77432,1.00,1.50
2016.11.15 23:01:42.770,0.77387,0.77432,1.00,1.00
2016.11.15 23:01:43.915,0.77387,0.77431,1.00,1.00
2016.11.15 23:01:44.559,0.77387,0.77432,1.00,1.50
2016.11.15 23:01:44.809,0.77389,0.77431,1.00,1.00
2016.11.15 23:01:45.612,0.77388,0.7743,1.00,1.00
2016.11.15 23:01:45.919,0.77389,0.77432,1.00,1.50
2016.11.15 23:01:46.310,0.77387,0.7743,1.00,1.00
2016.11.15 23:01:46.634,0.77389,0.77432,1.00,1.50
2016.11.15 23:01:47.164,0.77389,0.77431,1.00,1.00
2016.11.15 23:01:47.816,0.77387,0.7743,1.00,1.00
2016.11.15 23:01:48.917,0.77389,0.77431,1.00,1.00
2016.11.15 23:01:49.018,0.77387,0.7743,1.00,1.00
2016.11.15 23:01:50.378,0.77388,0.77431,1.00,1.00
2016.11.15 23:01:51.184,0.77387,0.77431,1.00,1.00
2016.11.15 23:01:51.722,0.77388,0.7743,1.00,1.00
2016.11.15 23:01:52.265,0.77389,0.77431,1.00,1.00
2016.11.15 23:01:52.481,0.77387,0.7743,1.00,1.00
2016.11.15 23:01:52.635,0.77387,0.77424,1.00,1.00
2016.11.15 23:01:52.686,0.77378,0.77417,1.00,1.00
2016.11.15 23:01:52.786,0.77377,0.7742,1.00,1.00
2016.11.15 23:01:53.103,0.77376,0.77418,1.00,1.00
2016.11.15 23:01:53.506,0.77374,0.77417,1.00,1.50
2016.11.15 23:01:54.009,0.77375,0.77417,1.00,1.00
2016.11.15 23:01:55.409,0.77375,0.77418,1.00,1.00
2016.11.15 23:01:55.686,0.77374,0.77416,1.00,1.00
2016.11.15 23:01:56.210,0.77373,0.77416,1.00,1.00
2016.11.15 23:01:56.867,0.77372,0.77417,1.00,1.50
2016.11.15 23:01:57.210,0.77372,0.77415,1.00,1.00
2016.11.15 23:01:58.820,0.77373,0.77416,1.00,1.00
2016.11.15 23:01:59.339,0.77372,0.77415,1.00,2.25
2016.11.15 23:02:00.105,0.77372,0.77414,1.00,1.00
2016.11.15 23:02:02.744,0.77373,0.77414,1.00,1.00
2016.11.15 23:02:02.895,0.77371,0.77414,1.00,1.50
2016.11.15 23:02:03.502,0.77371,0.77413,1.00,1.00
2016.11.15 23:02:03.918,0.77373,0.77413,1.00,1.00
2016.11.15 23:02:04.235,0.77377,0.77419,1.00,1.00
2016.11.15 23:02:04.336,0.7738,0.7742,1.00,1.00
2016.11.15 23:02:04.436,0.7738,0.77422,1.00,1.00
2016.11.15 23:02:04.719,0.77382,0.77422,1.00,1.00
2016.11.15 23:02:04.798,0.7738,0.77422,1.00,1.00
2016.11.15 23:02:04.935,0.7738,0.7742,1.00,1.00
2016.11.15 23:02:05.234,0.7738,0.77422,1.00,1.00
2016.11.15 23:02:05.822,0.77379,0.77422,1.00,2.25
2016.11.15 23:02:07.722,0.77377,0.77422,1.00,2.25
2016.11.15 23:02:07.801,0.77378,0.7742,1.00,1.00
2016.11.15 23:02:08.221,0.77379,0.77422,1.00,2.25
2016.11.15 23:02:08.622,0.77379,0.7742,1.00,1.00
2016.11.15 23:02:08.723,0.77379,0.77422,1.00,2.25
2016.11.15 23:02:09.369,0.77379,0.7742,1.00,1.00
2016.11.15 23:02:09.968,0.77378,0.7742,1.00,1.50
2016.11.15 23:02:10.305,0.77376,0.77419,1.00,1.50
2016.11.15 23:02:13.420,0.77375,0.77419,1.00,1.00
2016.11.15 23:02:13.521,0.77377,0.77419,1.00,1.50
2016.11.15 23:02:14.122,0.77378,0.7742,1.00,1.00
2016.11.15 23:02:14.414,0.77376,0.77419,1.00,1.50
2016.11.15 23:02:19.245,0.77375,0.77418,1.00,1.00
2016.11.15 23:02:19.561,0.77373,0.77416,1.00,1.00
2016.11.15 23:02:20.094,0.77375,0.77418,1.00,1.00
2016.11.15 23:02:20.616,0.77374,0.77418,1.00,1.00
2016.11.15 23:02:21.270,0.77374,0.77417,1.00,1.00
2016.11.15 23:02:26.068,0.77373,0.77416,1.00,1.00
2016.11.15 23:02:27.328,0.77372,0.77416,1.00,1.00
2016.11.15 23:02:29.330,0.77374,0.77418,1.00,1.00
2016.11.15 23:02:29.667,0.77372,0.77416,1.00,1.00
2016.11.15 23:02:30.533,0.77374,0.77418,1.00,1.00
2016.11.15 23:02:30.835,0.77376,0.77419,1.00,1.00
2016.11.15 23:02:31.643,0.77376,0.7742,1.00,1.00
2016.11.15 23:02:32.019,0.77379,0.77422,1.00,1.00
2016.11.15 23:02:32.545,0.77379,0.77423,1.00,1.00
2016.11.15 23:02:32.959,0.77377,0.77421,1.00,1.00
2016.11.15 23:02:33.544,0.77378,0.77422,1.00,1.00
2016.11.15 23:02:34.553,0.77377,0.77421,1.00,1.00
2016.11.15 23:02:35.684,0.77376,0.7742,1.00,1.00
2016.11.15 23:02:36.261,0.77376,0.77421,1.00,1.00
2016.11.15 23:02:36.785,0.77375,0.77421,1.00,1.00
2016.11.15 23:02:37.363,0.77377,0.77421,1.00,1.00
2016.11.15 23:02:37.941,0.77377,0.7742,1.00,1.00
2016.11.15 23:02:38.542,0.77375,0.77419,1.00,1.00
2016.11.15 23:02:39.042,0.77376,0.77421,1.00,1.00
2016.11.15 23:02:41.246,0.7738,0.77423,1.00,1.00
2016.11.15 23:02:41.546,0.77377,0.77421,1.00,1.00
2016.11.15 23:02:44.486,0.77377,0.7742,1.00,1.00
2016.11.15 23:02:50.768,0.77378,0.77421,1.00,1.00
2016.11.15 23:02:52.268,0.77377,0.7742,1.00,1.00
2016.11.15 23:02:53.770,0.77379,0.77422,1.00,1.00
2016.11.15 23:02:55.495,0.77377,0.7742,1.00,1.00
2016.11.15 23:02:56.348,0.77377,0.77421,1.00,1.00
2016.11.15 23:02:57.070,0.77377,0.7742,1.00,1.00
2016.11.15 23:02:58.466,0.77378,0.77421,1.00,1.00
2016.11.15 23:02:59.271,0.77379,0.77423,1.00,1.00
2016.11.15 23:02:59.372,0.77381,0.77425,1.00,1.50
2016.11.15 23:02:59.473,0.77384,0.77429,1.00,2.02
2016.11.15 23:02:59.574,0.77382,0.77425,1.00,1.00
2016.11.15 23:02:59.776,0.77383,0.77427,1.50,1.00
2016.11.15 23:02:59.877,0.77383,0.77425,1.00,1.00
2016.11.15 23:03:00.270,0.77381,0.77425,1.00,1.00
2016.11.15 23:03:00.793,0.77383,0.77425,1.00,1.00
2016.11.15 23:03:00.894,0.7738,0.77423,1.00,1.00
2016.11.15 23:03:01.294,0.77382,0.77425,1.00,1.50
2016.11.15 23:03:01.496,0.77377,0.77421,1.00,1.00
2016.11.15 23:03:01.587,0.77379,0.77422,1.00,1.00
2016.11.15 23:03:02.308,0.7738,0.77424,1.00,1.00
2016.11.15 23:03:05.075,0.77381,0.77424,1.00,1.00
2016.11.15 23:03:05.601,0.7738,0.77423,1.00,1.00
2016.11.15 23:03:10.092,0.77379,0.77423,1.00,1.00
2016.11.15 23:03:10.795,0.77378,0.77421,1.00,1.00
2016.11.15 23:03:11.210,0.77379,0.77424,1.00,1.00
2016.11.15 23:03:11.311,0.77378,0.77422,1.50,1.00
2016.11.15 23:03:13.069,0.77381,0.77422,1.00,1.00
2016.11.15 23:03:13.220,0.77384,0.77427,1.00,1.00
2016.11.15 23:03:13.321,0.77382,0.77425,1.00,1.00
2016.11.15 23:03:13.522,0.7738,0.77424,1.00,1.00
2016.11.15 23:03:14.059,0.77381,0.77424,1.00,1.00
2016.11.15 23:03:14.159,0.77378,0.77423,1.00,1.00
2016.11.15 23:03:14.310,0.77381,0.77424,1.00,1.00
2016.11.15 23:03:14.415,0.77382,0.77426,1.00,1.50
2016.11.15 23:03:14.515,0.77381,0.77424,1.00,1.00
2016.11.15 23:03:15.037,0.77381,0.77425,1.00,1.50
2016.11.15 23:03:15.368,0.77379,0.77423,1.00,1.00
2016.11.15 23:03:16.089,0.77381,0.77424,1.00,1.00
2016.11.15 23:03:16.390,0.77383,0.77425,1.00,1.00
2016.11.15 23:03:16.491,0.77378,0.77424,1.00,1.00
2016.11.15 23:03:16.792,0.77381,0.77424,1.00,1.00
2016.11.15 23:03:17.187,0.77378,0.77424,1.00,1.00
2016.11.15 23:03:17.339,0.77381,0.77424,1.00,1.00
2016.11.15 23:03:17.439,0.77379,0.77423,1.00,1.00
2016.11.15 23:03:17.967,0.77378,0.77424,1.00,1.00
2016.11.15 23:03:18.192,0.77379,0.77422,1.00,1.00
2016.11.15 23:03:18.716,0.77379,0.77423,1.00,1.00
2016.11.15 23:03:19.366,0.77379,0.77422,1.00,1.00
2016.11.15 23:03:19.995,0.77381,0.77424,1.00,1.00
2016.11.15 23:03:20.711,0.77381,0.77423,1.00,1.00
2016.11.15 23:03:21.196,0.77378,0.77422,1.00,1.00
2016.11.15 23:03:21.721,0.77378,0.77421,1.00,1.00
2016.11.15 23:03:21.797,0.7738,0.77423,1.00,1.00
2016.11.15 23:03:22.098,0.77378,0.77422,1.00,1.00
2016.11.15 23:03:22.623,0.77383,0.77427,1.00,1.00
2016.11.15 23:03:23.171,0.77384,0.77426,1.00,1.00
2016.11.15 23:03:23.741,0.77383,0.77426,1.00,1.00
2016.11.15 23:03:24.259,0.77384,0.77427,1.00,1.00
2016.11.15 23:03:24.360,0.77388,0.77432,1.00,1.00
2016.11.15 23:03:24.410,0.77384,0.77428,1.00,1.00
2016.11.15 23:03:24.758,0.77389,0.77432,1.00,1.00
2016.11.15 23:03:25.076,0.77387,0.7743,1.00,1.00
2016.11.15 23:03:25.579,0.77388,0.7743,1.00,1.00
2016.11.15 23:03:25.931,0.77385,0.77428,1.00,1.00
2016.11.15 23:03:26.132,0.77388,0.77431,1.00,1.00
2016.11.15 23:03:26.688,0.77387,0.7743,1.00,1.50
2016.11.15 23:03:27.518,0.77384,0.77427,1.00,1.00
2016.11.15 23:03:28.418,0.77385,0.77428,1.00,1.00
2016.11.15 23:03:29.009,0.77384,0.77427,1.00,1.00
2016.11.15 23:03:29.110,0.77382,0.77426,1.00,1.00
2016.11.15 23:03:29.623,0.77383,0.77426,1.00,1.00
2016.11.15 23:03:30.415,0.77384,0.77427,1.00,1.00
2016.11.15 23:03:30.929,0.77383,0.77426,1.00,1.00
2016.11.15 23:03:31.217,0.77384,0.77429,1.00,1.50
2016.11.15 23:03:31.318,0.77382,0.77428,1.00,1.00
2016.11.15 23:03:31.584,0.77385,0.77429,1.00,1.00
2016.11.15 23:03:31.967,0.77383,0.77426,1.00,1.00
2016.11.15 23:03:32.270,0.77385,0.77428,1.00,1.00
2016.11.15 23:03:32.758,0.77382,0.77426,1.00,1.00
2016.11.15 23:03:33.060,0.77385,0.77429,1.00,1.00
2016.11.15 23:03:33.520,0.77383,0.77426,1.00,1.00
2016.11.15 23:03:33.620,0.77385,0.77429,1.00,1.00
2016.11.15 23:03:33.721,0.77383,0.77426,1.00,1.00
2016.11.15 23:03:33.822,0.77384,0.77428,1.00,1.00
2016.11.15 23:03:34.241,0.77383,0.77426,1.00,1.00
2016.11.15 23:03:34.341,0.77384,0.77428,1.00,1.00
2016.11.15 23:03:34.416,0.77383,0.77426,1.00,1.00
2016.11.15 23:03:34.966,0.77383,0.77427,1.00,1.00
2016.11.15 23:03:35.718,0.77383,0.77426,1.00,1.00
2016.11.15 23:03:36.267,0.77383,0.77427,1.00,1.00
2016.11.15 23:03:36.868,0.7738,0.77424,1.50,1.00
2016.11.15 23:03:37.465,0.77379,0.77423,1.50,1.00
2016.11.15 23:03:38.467,0.77379,0.77421,1.00,1.00
2016.11.15 23:03:39.923,0.77379,0.77422,1.50,1.00
2016.11.15 23:03:43.119,0.7738,0.77422,1.00,1.00
2016.11.15 23:03:43.371,0.77377,0.77422,1.50,1.00
2016.11.15 23:03:43.984,0.77378,0.77421,1.00,1.00
2016.11.15 23:03:46.069,0.77377,0.7742,1.00,1.00
2016.11.15 23:03:46.818,0.77378,0.7742,1.00,1.00
2016.11.15 23:03:47.432,0.77376,0.77421,1.50,1.00
2016.11.15 23:03:47.641,0.77378,0.7742,1.00,1.00
2016.11.15 23:03:47.865,0.77385,0.77428,1.00,1.00
2016.11.15 23:03:48.069,0.77384,0.77426,1.00,1.00
2016.11.15 23:03:48.270,0.77382,0.77427,1.00,1.00
2016.11.15 23:03:48.781,0.77381,0.77426,1.00,1.00
2016.11.15 23:03:50.263,0.77383,0.77425,1.00,1.00
2016.11.15 23:03:50.736,0.77381,0.77424,1.00,1.00
2016.11.15 23:03:51.037,0.77383,0.77426,1.00,1.00
2016.11.15 23:03:51.573,0.77381,0.77424,1.00,1.00
2016.11.15 23:03:52.265,0.77382,0.77425,1.00,1.00
2016.11.15 23:03:52.911,0.77381,0.77424,1.00,1.00
2016.11.15 23:03:54.764,0.77382,0.77425,1.00,1.00
2016.11.15 23:03:55.266,0.77381,0.77424,1.00,1.00
2016.11.15 23:03:55.842,0.7738,0.77423,1.00,1.00
2016.11.15 23:03:56.168,0.77382,0.77425,1.00,1.00
2016.11.15 23:03:56.669,0.77382,0.77424,1.00,1.00
2016.11.15 23:03:56.982,0.77381,0.77426,1.00,1.00
2016.11.15 23:03:57.284,0.77383,0.77426,1.00,1.00
2016.11.15 23:03:57.385,0.77384,0.77428,1.00,1.50
2016.11.15 23:03:57.435,0.77389,0.77428,1.00,1.00
2016.11.15 23:03:57.486,0.77392,0.77435,1.00,2.77
2016.11.15 23:03:57.587,0.7739,0.77433,1.00,1.00
2016.11.15 23:03:57.871,0.77388,0.77432,1.00,1.00
2016.11.15 23:03:57.972,0.77385,0.77428,1.50,1.00
2016.11.15 23:03:58.296,0.77383,0.77426,1.00,1.00
2016.11.15 23:03:58.765,0.77381,0.77425,1.00,1.00
2016.11.15 23:03:59.067,0.7738,0.77423,1.50,1.00
2016.11.15 23:03:59.681,0.77381,0.77424,1.00,1.00
2016.11.15 23:04:00.949,0.77382,0.77425,1.00,1.00
2016.11.15 23:04:02.198,0.77381,0.77425,1.00,1.00
2016.11.15 23:04:02.899,0.77382,0.77425,1.00,1.00
2016.11.15 23:04:03.414,0.77381,0.77424,1.00,1.00
2016.11.15 23:04:03.766,0.77379,0.77423,1.00,1.00
2016.11.15 23:04:05.459,0.77378,0.77422,1.00,1.00
2016.11.15 23:04:06.353,0.77377,0.77421,1.50,1.00
2016.11.15 23:04:06.818,0.7738,0.77421,1.00,1.00
2016.11.15 23:04:06.969,0.7738,0.77423,1.00,1.00
2016.11.15 23:04:07.682,0.77379,0.77423,1.00,1.00
2016.11.15 23:04:08.184,0.77379,0.77422,1.00,1.00
2016.11.15 23:04:08.716,0.77378,0.77422,1.00,1.00
2016.11.15 23:04:09.566,0.77378,0.77421,1.00,1.00
2016.11.15 23:04:12.283,0.77377,0.77421,1.00,1.00
2016.11.15 23:04:12.384,0.77376,0.77417,1.00,1.00
2016.11.15 23:04:12.882,0.77374,0.77416,1.00,1.00
2016.11.15 23:04:13.413,0.77374,0.77418,1.00,1.00
2016.11.15 23:04:13.964,0.77375,0.77419,1.00,1.00
2016.11.15 23:04:14.765,0.77374,0.77419,1.00,1.00
2016.11.15 23:04:15.282,0.77374,0.77417,1.00,1.00
2016.11.15 23:04:15.717,0.77378,0.77421,1.00,1.00
2016.11.15 23:04:18.874,0.77382,0.77425,1.00,1.00
2016.11.15 23:04:20.910,0.77383,0.77427,1.00,1.00
2016.11.15 23:04:21.416,0.77384,0.77428,1.50,1.00
2016.11.15 23:04:21.517,0.77386,0.7743,1.00,1.00
2016.11.15 23:04:21.819,0.77388,0.77431,1.00,1.00
2016.11.15 23:04:24.788,0.77387,0.77431,1.00,1.00
2016.11.15 23:04:27.108,0.77389,0.77433,1.00,1.00
2016.11.15 23:04:27.310,0.7739,0.77435,1.00,1.00
2016.11.15 23:04:27.410,0.77388,0.77433,1.00,1.00
2016.11.15 23:04:27.918,0.77387,0.77432,1.00,1.00
2016.11.15 23:04:28.235,0.77385,0.77429,1.00,1.00
2016.11.15 23:04:29.631,0.77384,0.77428,1.50,1.00
2016.11.15 23:04:31.464,0.77384,0.77427,1.00,1.00
2016.11.15 23:04:31.547,0.77376,0.7742,1.00,1.00
2016.11.15 23:04:31.598,0.77375,0.77418,1.00,1.00
2016.11.15 23:04:32.119,0.77375,0.77417,1.00,1.00
2016.11.15 23:04:33.418,0.77375,0.77418,1.00,1.00
2016.11.15 23:04:33.817,0.77375,0.77416,1.00,1.00
2016.11.15 23:04:33.868,0.77373,0.77416,1.00,1.00
2016.11.15 23:04:34.004,0.77373,0.77418,1.50,1.00
2016.11.15 23:04:34.206,0.77373,0.7742,2.25,1.00
2016.11.15 23:04:34.417,0.77375,0.77417,1.00,1.00
2016.11.15 23:04:35.107,0.77375,0.77419,1.00,1.00
2016.11.15 23:04:35.668,0.77374,0.77419,1.00,1.00
2016.11.15 23:04:35.816,0.77373,0.77417,1.50,1.00
2016.11.15 23:04:36.018,0.77374,0.77419,1.50,1.00
2016.11.15 23:04:36.118,0.77376,0.77419,1.00,1.00
2016.11.15 23:04:36.537,0.77374,0.77419,1.50,1.00
2016.11.15 23:04:36.893,0.77376,0.77418,1.00,1.00
2016.11.15 23:04:37.357,0.77374,0.77419,1.00,1.00
2016.11.15 23:04:37.819,0.77376,0.77418,1.00,1.00
2016.11.15 23:04:38.208,0.77374,0.77418,1.00,1.00
2016.11.15 23:04:38.413,0.77376,0.77418,1.00,1.00
2016.11.15 23:04:38.521,0.77374,0.77418,1.00,1.00
2016.11.15 23:04:38.723,0.77376,0.77418,1.00,1.00
2016.11.15 23:04:39.043,0.77374,0.77418,1.50,1.00
2016.11.15 23:04:39.496,0.77376,0.77418,1.00,1.00
2016.11.15 23:04:39.965,0.77374,0.77418,1.50,1.00
2016.11.15 23:04:40.116,0.77376,0.77418,1.00,1.00
2016.11.15 23:04:40.368,0.77374,0.77418,1.50,1.00
2016.11.15 23:04:40.418,0.77376,0.77418,1.00,1.00
2016.11.15 23:04:40.732,0.77374,0.77418,1.50,1.00
2016.11.15 23:04:40.943,0.77376,0.77418,1.00,1.00
2016.11.15 23:04:41.601,0.77375,0.77418,1.00,1.00
2016.11.15 23:04:42.150,0.77376,0.77418,1.00,1.00
2016.11.15 23:04:42.657,0.77375,0.77419,2.25,1.00
2016.11.15 23:04:43.022,0.77375,0.77409,1.00,1.00
2016.11.15 23:04:43.123,0.77375,0.7742,1.50,1.00
2016.11.15 23:04:43.224,0.77372,0.77418,1.00,1.00
2016.11.15 23:04:43.447,0.77378,0.77423,1.00,1.00
2016.11.15 23:04:44.206,0.77379,0.77425,1.00,1.27
2016.11.15 23:04:44.307,0.77381,0.77425,1.00,1.27
2016.11.15 23:04:44.910,0.77382,0.77427,1.00,1.00
2016.11.15 23:04:45.915,0.77378,0.77422,1.00,1.00
2016.11.15 23:04:46.016,0.77376,0.77421,1.00,1.00
2016.11.15 23:04:46.117,0.77378,0.77423,1.00,1.00
2016.11.15 23:04:46.420,0.77376,0.77421,1.00,1.00
2016.11.15 23:04:46.963,0.77377,0.77421,1.00,1.00
2016.11.15 23:04:47.316,0.77379,0.77423,1.00,1.00
2016.11.15 23:04:47.532,0.77377,0.77422,1.00,1.00
2016.11.15 23:04:47.834,0.77376,0.7742,1.00,1.00
2016.11.15 23:04:48.136,0.7738,0.77424,1.00,1.50
2016.11.15 23:04:48.257,0.77377,0.77422,1.00,1.00
2016.11.15 23:04:48.785,0.77378,0.77423,1.00,1.00
2016.11.15 23:04:49.036,0.77377,0.77421,1.00,1.00
2016.11.15 23:04:52.654,0.77373,0.77417,1.00,1.00
2016.11.15 23:04:52.988,0.77375,0.77419,1.00,1.52
2016.11.15 23:04:53.057,0.77376,0.77421,1.00,1.00
2016.11.15 23:04:53.666,0.77376,0.77422,1.00,1.00
2016.11.15 23:04:53.959,0.77379,0.77422,1.00,1.00
2016.11.15 23:04:54.059,0.77375,0.77419,1.50,1.00
2016.11.15 23:04:54.160,0.77378,0.77421,1.00,1.00
2016.11.15 23:04:54.696,0.77377,0.7742,1.00,1.00
2016.11.15 23:04:55.648,0.77373,0.77416,1.00,1.00
2016.11.15 23:04:56.450,0.77374,0.77418,1.00,1.00
2016.11.15 23:04:56.550,0.77372,0.77416,1.00,1.00
2016.11.15 23:04:56.867,0.77374,0.77418,1.00,1.00
2016.11.15 23:04:57.185,0.77372,0.77416,1.00,1.00
2016.11.15 23:04:58.473,0.77373,0.77417,1.00,1.00
2016.11.15 23:04:58.624,0.77371,0.77418,1.00,1.00
2016.11.15 23:04:59.465,0.77373,0.77417,1.00,1.00
2016.11.15 23:04:59.813,0.7737,0.77414,1.00,1.00
2016.11.15 23:05:00.132,0.77372,0.77415,1.00,1.00
2016.11.15 23:05:00.333,0.77372,0.77417,1.00,1.00
2016.11.15 23:05:00.867,0.77373,0.77418,1.00,1.00
2016.11.15 23:05:01.381,0.77373,0.77417,1.00,1.00
2016.11.15 23:05:01.846,0.77375,0.7742,1.00,1.50
2016.11.15 23:05:02.048,0.77377,0.7742,1.00,1.50
2016.11.15 23:05:03.651,0.77376,0.7742,1.00,1.00
2016.11.15 23:05:04.365,0.77377,0.77421,1.00,1.00
2016.11.15 23:05:05.667,0.77381,0.77426,1.00,2.25
2016.11.15 23:05:06.310,0.77381,0.77425,1.00,1.50
2016.11.15 23:05:07.712,0.77382,0.77425,1.00,1.00
2016.11.15 23:05:08.259,0.77381,0.77425,1.00,1.00
2016.11.15 23:05:09.010,0.77383,0.77425,1.00,1.00
2016.11.15 23:05:09.684,0.77383,0.77426,1.00,1.00
2016.11.15 23:05:10.920,0.77381,0.77428,1.50,1.00
2016.11.15 23:05:10.970,0.77385,0.77432,1.00,2.02
2016.11.15 23:05:11.098,0.77385,0.77433,1.00,1.50
2016.11.15 23:05:11.601,0.77386,0.77433,1.00,1.00
2016.11.15 23:05:12.045,0.77386,0.7743,1.00,1.00
2016.11.15 23:05:12.347,0.77387,0.77432,1.00,1.50
2016.11.15 23:05:13.107,0.77389,0.77432,1.00,1.00
2016.11.15 23:05:13.329,0.77386,0.77431,1.00,1.50
2016.11.15 23:05:13.868,0.77387,0.7743,1.00,1.00
2016.11.15 23:05:14.186,0.77387,0.77428,1.50,1.00
2016.11.15 23:05:14.387,0.77382,0.77428,2.25,1.00
2016.11.15 23:05:15.049,0.77383,0.77429,1.00,1.00
2016.11.15 23:05:15.602,0.77382,0.77428,2.25,1.00
2016.11.15 23:05:16.359,0.77383,0.77428,1.00,1.00
2016.11.15 23:05:17.190,0.77383,0.7743,1.50,1.00
2016.11.15 23:05:17.460,0.77381,0.77427,1.00,1.00
2016.11.15 23:05:17.762,0.77381,0.77425,1.00,1.00
2016.11.15 23:05:18.234,0.77378,0.77425,1.00,1.00
2016.11.15 23:05:18.284,0.77377,0.77423,1.50,1.00
2016.11.15 23:05:18.603,0.7738,0.77423,1.00,1.00
2016.11.15 23:05:19.106,0.77378,0.77423,1.00,1.50
2016.11.15 23:05:19.615,0.77379,0.77423,1.00,1.50
2016.11.15 23:05:20.415,0.77378,0.77422,1.50,1.50
2016.11.15 23:05:21.681,0.77378,0.77421,1.00,1.00
2016.11.15 23:05:21.732,0.77375,0.77419,1.00,1.00
2016.11.15 23:05:21.883,0.77375,0.77421,1.00,1.50
2016.11.15 23:05:23.223,0.77375,0.77423,1.50,1.50
2016.11.15 23:05:23.273,0.77375,0.77421,1.00,1.00
2016.11.15 23:05:24.575,0.77375,0.7742,1.00,1.00
2016.11.15 23:05:26.720,0.77377,0.7742,1.00,1.00
2016.11.15 23:05:27.313,0.77375,0.7742,1.00,1.00
2016.11.15 23:05:28.820,0.77375,0.77421,1.50,1.00
2016.11.15 23:05:29.362,0.77376,0.77421,1.00,2.25
2016.11.15 23:05:29.867,0.77376,0.7742,1.00,1.00
2016.11.15 23:05:31.012,0.77376,0.77421,1.00,1.50
2016.11.15 23:05:31.470,0.77374,0.77421,1.00,1.50
2016.11.15 23:05:31.922,0.77376,0.77421,1.00,1.50
2016.11.15 23:05:33.709,0.77376,0.77418,1.00,1.00
2016.11.15 23:05:33.810,0.77375,0.77421,1.00,1.50
2016.11.15 23:05:34.418,0.77376,0.77422,1.00,1.00
2016.11.15 23:05:34.469,0.77378,0.77422,1.00,1.00
2016.11.15 23:05:35.242,0.77378,0.77423,1.00,1.00
2016.11.15 23:05:36.268,0.7738,0.77423,1.00,1.00
2016.11.15 23:05:37.370,0.77382,0.77423,1.00,1.00
2016.11.15 23:05:37.471,0.77379,0.77423,1.00,1.00
2016.11.15 23:05:37.993,0.77379,0.77422,1.00,1.00
2016.11.15 23:05:39.662,0.77381,0.77422,1.00,1.00
2016.11.15 23:05:40.172,0.77381,0.77421,1.00,1.00
2016.11.15 23:05:40.673,0.77381,0.77422,1.00,1.50
2016.11.15 23:05:41.069,0.77381,0.7742,1.00,1.00
2016.11.15 23:05:42.409,0.77381,0.77422,1.00,1.00
2016.11.15 23:05:43.119,0.77381,0.7742,1.00,1.00
2016.11.15 23:05:43.220,0.77381,0.77422,1.00,1.50
2016.11.15 23:05:44.120,0.77381,0.77419,1.00,1.00
2016.11.15 23:05:44.171,0.77377,0.77419,1.00,1.00
2016.11.15 23:05:44.372,0.77379,0.7742,1.00,2.25
2016.11.15 23:05:44.523,0.77379,0.77423,1.00,1.00
2016.11.15 23:05:44.574,0.77384,0.77423,1.00,1.00
2016.11.15 23:05:44.876,0.7738,0.77422,1.00,1.00
2016.11.15 23:05:44.976,0.77376,0.77422,1.50,1.00
2016.11.15 23:05:45.027,0.77376,0.7742,1.50,1.00
2016.11.15 23:05:45.417,0.77377,0.77423,1.00,1.50
2016.11.15 23:05:45.468,0.77379,0.77423,1.00,1.00
2016.11.15 23:05:45.769,0.77379,0.7742,1.00,1.00
2016.11.15 23:05:48.987,0.77377,0.77419,1.00,1.00
2016.11.15 23:05:50.806,0.77378,0.77419,1.00,1.00
2016.11.15 23:05:50.961,0.77375,0.77419,2.25,1.00
2016.11.15 23:05:51.183,0.77377,0.77419,1.00,1.00
2016.11.15 23:05:51.284,0.77375,0.77419,1.50,1.00
2016.11.15 23:05:51.820,0.77375,0.77418,1.50,1.00
2016.11.15 23:05:53.566,0.77376,0.77418,1.00,1.00
2016.11.15 23:05:54.370,0.77375,0.77415,1.00,1.00
2016.11.15 23:05:54.704,0.77374,0.77417,1.00,1.00
2016.11.15 23:05:56.658,0.77376,0.77417,1.00,1.00
2016.11.15 23:05:56.709,0.77378,0.77422,1.00,1.00
2016.11.15 23:05:56.895,0.77376,0.77421,1.50,1.00
2016.11.15 23:05:57.457,0.77376,0.7742,1.00,1.50
2016.11.15 23:06:00.154,0.77376,0.77418,1.00,1.00
2016.11.15 23:06:00.305,0.7738,0.77423,1.00,1.50
2016.11.15 23:06:00.405,0.77378,0.77422,1.50,1.00
2016.11.15 23:06:00.722,0.77377,0.77418,1.00,1.00
2016.11.15 23:06:01.024,0.77375,0.77414,1.00,1.50
2016.11.15 23:06:01.326,0.77373,0.77413,1.00,1.00
2016.11.15 23:06:02.327,0.7737,0.77413,1.00,1.00
2016.11.15 23:06:02.428,0.7737,0.77407,1.00,1.00
2016.11.15 23:06:02.968,0.7737,0.77406,1.00,1.00
2016.11.15 23:06:03.545,0.7737,0.77407,1.00,2.25
2016.11.15 23:06:04.508,0.7737,0.77405,1.00,1.00
2016.11.15 23:06:05.231,0.7737,0.77404,1.00,1.00
2016.11.15 23:06:06.322,0.7737,0.77405,1.00,1.00
2016.11.15 23:06:06.945,0.7737,0.77404,1.00,1.00
2016.11.15 23:06:06.996,0.77371,0.77406,1.00,1.00
2016.11.15 23:06:07.047,0.77371,0.7741,1.00,1.00
2016.11.15 23:06:07.147,0.77375,0.77415,1.00,1.50
2016.11.15 23:06:07.349,0.77375,0.77411,1.00,1.00
2016.11.15 23:06:07.399,0.77375,0.77415,1.00,2.25
2016.11.15 23:06:07.450,0.77373,0.77407,1.00,1.00
2016.11.15 23:06:07.601,0.77372,0.77416,1.00,1.00
2016.11.15 23:06:07.671,0.77377,0.7742,1.00,2.25
2016.11.15 23:06:07.987,0.77376,0.77418,1.00,1.00
2016.11.15 23:06:08.319,0.77375,0.77415,1.00,1.00
2016.11.15 23:06:09.016,0.77375,0.77414,1.00,1.00
2016.11.15 23:06:11.962,0.77374,0.77414,1.00,1.00
2016.11.15 23:06:12.519,0.77375,0.77414,1.00,1.00
2016.11.15 23:06:13.035,0.77373,0.77414,1.50,1.00
2016.11.15 23:06:13.725,0.77375,0.77414,1.00,1.00
2016.11.15 23:06:15.009,0.77375,0.77415,1.00,1.50
2016.11.15 23:06:15.573,0.77374,0.77415,1.00,1.50
2016.11.15 23:06:16.824,0.77375,0.77415,1.00,1.00
2016.11.15 23:06:18.924,0.77378,0.77419,1.00,1.50
2016.11.15 23:06:19.024,0.77378,0.77414,1.00,1.00
2016.11.15 23:06:21.129,0.77378,0.7741,1.00,1.00
2016.11.15 23:06:21.936,0.7737,0.77405,1.00,1.00
2016.11.15 23:06:22.036,0.77365,0.77405,1.00,1.50
2016.11.15 23:06:22.087,0.77365,0.77402,1.00,1.00
2016.11.15 23:06:22.137,0.77365,0.77404,1.00,1.50
2016.11.15 23:06:22.339,0.77365,0.77402,1.00,1.00
2016.11.15 23:06:22.641,0.77364,0.774,1.00,2.25
2016.11.15 23:06:22.742,0.7736,0.77398,1.00,1.00
2016.11.15 23:06:24.068,0.77355,0.77395,1.50,1.00
2016.11.15 23:06:24.174,0.77359,0.77398,1.00,1.50
2016.11.15 23:06:26.680,0.7736,0.77395,1.00,1.00
2016.11.15 23:06:38.163,0.77359,0.77395,1.00,1.00
2016.11.15 23:06:38.651,0.77357,0.77395,1.00,1.00
2016.11.15 23:06:39.367,0.77357,0.77396,1.50,1.00
2016.11.15 23:06:40.983,0.77358,0.77396,1.00,1.00
2016.11.15 23:06:41.162,0.7736,0.7739,1.00,1.00
2016.11.15 23:06:44.570,0.77361,0.7739,1.00,1.00
2016.11.15 23:06:44.671,0.77365,0.77395,1.00,1.00
2016.11.15 23:06:45.604,0.77364,0.77396,1.00,1.00
2016.11.15 23:06:47.068,0.77365,0.77396,1.00,1.00
2016.11.15 23:06:48.568,0.77364,0.77396,1.50,1.00
2016.11.15 23:06:49.909,0.77365,0.77395,1.00,1.00
2016.11.15 23:06:53.879,0.77361,0.7739,1.00,1.00
2016.11.15 23:06:54.384,0.77365,0.77395,1.00,1.00
2016.11.15 23:06:57.923,0.77364,0.77396,1.00,1.00
2016.11.15 23:06:58.468,0.77365,0.77395,1.00,1.00
2016.11.15 23:07:04.674,0.7736,0.77391,1.00,1.00
2016.11.15 23:07:04.724,0.77365,0.77395,1.00,1.00
2016.11.15 23:07:08.136,0.7736,0.7739,1.50,1.00
2016.11.15 23:07:08.658,0.77361,0.7739,1.00,1.00
2016.11.15 23:07:09.414,0.7736,0.7739,1.00,1.00
2016.11.15 23:07:09.637,0.77364,0.77396,1.00,1.00
2016.11.15 23:07:12.274,0.77365,0.77395,1.00,1.00
2016.11.15 23:07:13.003,0.77364,0.77396,1.00,1.00
2016.11.15 23:07:14.404,0.77362,0.7739,1.00,1.00
2016.11.15 23:07:14.556,0.7736,0.7739,1.50,1.00
2016.11.15 23:07:15.508,0.77364,0.77396,1.00,1.50
2016.11.15 23:07:16.106,0.7736,0.7739,1.50,1.00
2016.11.15 23:07:17.007,0.77365,0.77395,1.00,1.50
2016.11.15 23:07:17.520,0.7736,0.7739,1.50,1.00
2016.11.15 23:07:17.938,0.77363,0.7739,1.00,1.00
2016.11.15 23:07:18.032,0.77365,0.77395,1.00,1.00
2016.11.15 23:07:21.929,0.77364,0.77396,1.00,1.00
2016.11.15 23:07:28.672,0.77365,0.77395,1.00,1.00
2016.11.15 23:07:28.973,0.77368,0.77395,1.00,1.00
2016.11.15 23:07:29.024,0.7737,0.774,1.00,1.00
2016.11.15 23:07:29.424,0.77368,0.77395,1.00,1.00
2016.11.15 23:07:29.525,0.7737,0.774,1.00,1.00
2016.11.15 23:07:31.237,0.77369,0.77395,1.00,1.00
2016.11.15 23:07:31.388,0.77367,0.77395,1.00,1.00
2016.11.15 23:07:32.158,0.77366,0.77395,1.00,1.00
2016.11.15 23:07:32.259,0.7737,0.77395,1.50,1.00
2016.11.15 23:07:32.460,0.77367,0.77395,1.00,1.00
2016.11.15 23:07:32.670,0.77365,0.77395,1.00,1.00
2016.11.15 23:07:32.771,0.77365,0.7739,1.00,1.00
2016.11.15 23:07:32.972,0.77365,0.77395,1.00,1.00
2016.11.15 23:07:33.590,0.77366,0.77395,1.00,1.00
2016.11.15 23:07:34.164,0.77365,0.77395,1.50,1.00
2016.11.15 23:07:35.478,0.77366,0.77395,1.00,1.00
2016.11.15 23:07:36.868,0.77365,0.77395,1.50,1.00
2016.11.15 23:07:37.562,0.77366,0.77395,1.00,1.00
2016.11.15 23:07:38.244,0.77365,0.77395,1.50,1.00
2016.11.15 23:07:38.446,0.7737,0.774,1.00,1.00
2016.11.15 23:07:40.987,0.77367,0.77395,1.00,1.00
2016.11.15 23:07:41.180,0.77376,0.77405,1.00,1.00
2016.11.15 23:07:41.363,0.77374,0.77406,1.00,1.00
2016.11.15 23:07:41.769,0.7738,0.7741,1.00,1.50
2016.11.15 23:07:42.117,0.77375,0.77405,1.00,1.00
2016.11.15 23:07:42.420,0.7738,0.7741,1.00,1.00
2016.11.15 23:07:43.042,0.77375,0.77405,1.00,1.00
2016.11.15 23:07:43.367,0.7738,0.7741,1.00,1.00
2016.11.15 23:07:44.844,0.77375,0.77405,1.00,1.00
2016.11.15 23:07:45.184,0.7738,0.7741,1.00,1.00
2016.11.15 23:07:45.766,0.77385,0.7741,1.00,1.00
2016.11.15 23:07:46.088,0.7738,0.77405,1.00,1.00
2016.11.15 23:07:47.818,0.7738,0.77403,1.00,1.00
2016.11.15 23:07:47.919,0.7738,0.77405,1.00,1.00
2016.11.15 23:07:48.453,0.7738,0.77406,1.00,1.00
2016.11.15 23:07:48.925,0.7738,0.77408,1.00,1.50
2016.11.15 23:07:48.976,0.77375,0.77405,1.00,1.00
2016.11.15 23:07:49.378,0.7738,0.77405,1.00,1.00
2016.11.15 23:07:49.697,0.77375,0.77405,1.00,1.50
2016.11.15 23:07:51.193,0.7738,0.77406,1.00,1.00
2016.11.15 23:07:51.698,0.7738,0.77405,1.00,1.00
2016.11.15 23:07:52.014,0.7738,0.77407,1.00,1.00
2016.11.15 23:07:52.065,0.77375,0.77405,1.00,1.00
2016.11.15 23:07:53.664,0.7738,0.77405,1.00,1.00
2016.11.15 23:07:53.865,0.77375,0.77405,1.00,1.50
2016.11.15 23:07:53.966,0.7738,0.77405,1.00,1.00
2016.11.15 23:07:54.368,0.77375,0.77405,1.00,1.50
2016.11.15 23:07:54.557,0.7738,0.77405,1.00,1.00
2016.11.15 23:07:55.153,0.7738,0.77406,1.00,1.00
2016.11.15 23:07:55.261,0.77375,0.77405,1.00,1.00
2016.11.15 23:07:56.408,0.7738,0.7741,1.00,1.00
2016.11.15 23:07:57.023,0.7738,0.77407,1.00,1.00
2016.11.15 23:08:00.720,0.7738,0.77408,1.00,1.00
2016.11.15 23:08:02.692,0.77375,0.77405,1.50,1.00
2016.11.15 23:08:03.275,0.7738,0.77408,1.00,1.00
2016.11.15 23:08:03.591,0.77375,0.77405,1.00,1.00
2016.11.15 23:08:03.692,0.77374,0.774,1.00,1.00
2016.11.15 23:08:03.743,0.7737,0.774,1.00,1.00
2016.11.15 23:08:04.719,0.77365,0.77395,1.00,1.00
2016.11.15 23:08:05.371,0.77366,0.77395,1.00,1.00
2016.11.15 23:08:05.889,0.77365,0.77395,1.00,1.00
2016.11.15 23:08:14.732,0.7737,0.774,1.00,1.00
2016.11.15 23:08:15.597,0.77365,0.77395,1.00,1.00
2016.11.15 23:08:16.117,0.7737,0.774,1.00,1.00
2016.11.15 23:08:16.421,0.77365,0.77395,1.00,1.00
2016.11.15 23:08:18.002,0.7737,0.774,1.00,1.00
2016.11.15 23:08:18.317,0.77365,0.77395,1.00,1.00
2016.11.15 23:08:20.507,0.7737,0.774,1.00,1.00
2016.11.15 23:08:21.216,0.77365,0.77395,1.00,1.00
2016.11.15 23:08:21.733,0.7737,0.774,1.00,1.00
2016.11.15 23:08:22.042,0.77365,0.77395,1.00,1.00
2016.11.15 23:08:22.382,0.7737,0.774,1.00,1.00
2016.11.15 23:08:23.517,0.77364,0.77396,1.00,1.00
2016.11.15 23:08:23.618,0.7737,0.774,1.00,1.00
2016.11.15 23:08:28.919,0.77375,0.77404,1.00,1.00
2016.11.15 23:08:29.020,0.77374,0.77406,1.00,1.00
2016.11.15 23:08:29.565,0.77375,0.77405,1.00,1.00
2016.11.15 23:08:33.632,0.7737,0.774,1.00,1.00
2016.11.15 23:08:34.065,0.77375,0.77405,1.00,1.50
2016.11.15 23:08:34.578,0.77374,0.77405,1.00,1.00
2016.11.15 23:08:35.827,0.77375,0.77405,1.00,1.00
2016.11.15 23:08:36.934,0.7737,0.774,1.00,1.00
2016.11.15 23:08:37.267,0.77375,0.77405,1.00,1.00
2016.11.15 23:08:37.954,0.7737,0.774,1.00,1.00
2016.11.15 23:08:42.020,0.77375,0.77405,1.00,1.00
2016.11.15 23:08:42.322,0.7737,0.774,1.00,1.00
2016.11.15 23:08:45.084,0.77368,0.77406,1.00,1.00
2016.11.15 23:08:45.135,0.7737,0.774,1.00,1.00
2016.11.15 23:08:51.731,0.77375,0.77405,1.00,1.00
2016.11.15 23:08:52.033,0.7737,0.774,1.00,1.00
2016.11.15 23:08:52.532,0.77375,0.77405,1.00,1.00
2016.11.15 23:08:53.133,0.7737,0.774,1.00,1.00
2016.11.15 23:08:54.944,0.77375,0.77405,1.00,1.00
2016.11.15 23:08:55.436,0.7737,0.774,1.00,1.00
2016.11.15 23:08:58.969,0.77375,0.77405,1.00,1.00
2016.11.15 23:08:59.550,0.7737,0.774,1.00,1.00
2016.11.15 23:09:00.134,0.77369,0.77401,1.00,1.00
2016.11.15 23:09:00.868,0.77375,0.77405,1.00,1.00
2016.11.15 23:09:02.670,0.7737,0.774,1.00,1.00
2016.11.15 23:09:05.800,0.77375,0.77404,1.00,1.00
2016.11.15 23:09:06.852,0.7737,0.774,1.00,1.00
2016.11.15 23:09:07.054,0.77375,0.77404,1.00,1.00
2016.11.15 23:09:11.968,0.77371,0.774,1.00,1.00
2016.11.15 23:09:12.315,0.77375,0.77404,1.00,1.00
2016.11.15 23:09:14.220,0.77375,0.77405,1.00,2.25
2016.11.15 23:09:14.522,0.7737,0.774,1.00,1.00
2016.11.15 23:09:23.115,0.77366,0.77395,1.00,1.00
2016.11.15 23:09:23.417,0.7737,0.774,1.00,1.00
2016.11.15 23:09:30.769,0.77366,0.77395,1.00,1.00
2016.11.15 23:09:31.960,0.77367,0.77395,1.00,1.00
2016.11.15 23:09:32.264,0.77369,0.77395,1.00,1.27
2016.11.15 23:09:32.366,0.7737,0.774,1.00,2.25
2016.11.15 23:09:32.728,0.77369,0.77396,1.00,1.00
2016.11.15 23:09:33.076,0.7737,0.77399,1.00,1.50
2016.11.15 23:09:33.529,0.77368,0.77396,1.00,1.00
2016.11.15 23:09:34.467,0.77367,0.77396,1.00,1.00
2016.11.15 23:09:34.808,0.7737,0.77398,1.00,1.00
2016.11.15 23:09:35.346,0.7737,0.77399,1.00,1.50
2016.11.15 23:09:38.020,0.7737,0.77398,1.00,1.00
2016.11.15 23:09:38.222,0.77366,0.77395,1.00,1.00
2016.11.15 23:09:38.473,0.7737,0.77397,1.00,1.00
2016.11.15 23:09:38.667,0.77366,0.77395,1.00,1.00
2016.11.15 23:09:38.768,0.7737,0.77397,1.00,1.00
2016.11.15 23:09:38.869,0.77366,0.77395,1.00,1.00
2016.11.15 23:09:39.070,0.7737,0.77397,1.00,1.00
2016.11.15 23:09:40.406,0.7737,0.77398,1.00,1.50
2016.11.15 23:09:40.668,0.77366,0.77395,1.00,1.00
2016.11.15 23:09:40.769,0.7737,0.77398,1.00,1.50
2016.11.15 23:09:41.375,0.7737,0.77397,1.00,1.00
2016.11.15 23:09:41.466,0.77366,0.77395,1.00,1.00
2016.11.15 23:09:41.991,0.77367,0.77395,1.00,1.00
2016.11.15 23:09:42.264,0.7737,0.77397,1.00,1.00
2016.11.15 23:09:42.602,0.77369,0.77395,1.00,1.00
2016.11.15 23:09:43.059,0.7737,0.77397,1.00,1.00
2016.11.15 23:09:43.567,0.77369,0.77395,1.00,1.00
2016.11.15 23:09:43.668,0.7737,0.77398,1.00,1.00
2016.11.15 23:09:44.165,0.77369,0.77395,1.00,1.00
2016.11.15 23:09:44.266,0.7737,0.77398,1.50,1.50
2016.11.15 23:09:44.920,0.7737,0.77399,1.50,1.50
2016.11.15 23:09:45.466,0.7737,0.77395,1.00,1.00
2016.11.15 23:09:45.617,0.77367,0.77395,1.00,1.00
2016.11.15 23:09:45.759,0.7737,0.77397,1.00,1.00
2016.11.15 23:09:46.317,0.7737,0.77398,1.00,1.00
2016.11.15 23:09:46.763,0.7737,0.774,1.00,2.25
2016.11.15 23:09:47.313,0.7737,0.77399,1.50,1.50
2016.11.15 23:09:49.579,0.7737,0.77396,1.00,1.00
2016.11.15 23:09:49.834,0.7737,0.77399,1.00,1.50
2016.11.15 23:09:50.565,0.77369,0.77395,1.00,1.00
2016.11.15 23:09:50.666,0.7737,0.77398,1.00,1.00
2016.11.15 23:09:51.198,0.7737,0.77399,1.00,1.50
2016.11.15 23:09:54.815,0.7737,0.77398,1.50,1.00
2016.11.15 23:09:55.385,0.7737,0.77399,1.00,1.00
2016.11.15 23:09:56.236,0.7737,0.77398,1.00,1.00
2016.11.15 23:09:56.336,0.7737,0.77396,1.00,1.00
2016.11.15 23:09:56.387,0.77368,0.77395,1.00,1.00
2016.11.15 23:09:56.959,0.7737,0.77396,1.00,1.00
2016.11.15 23:10:00.157,0.7737,0.77397,1.00,1.00
2016.11.15 23:10:00.368,0.77367,0.77395,1.00,1.00
2016.11.15 23:10:00.464,0.7737,0.77397,1.00,1.00
2016.11.15 23:10:00.665,0.77367,0.77395,1.00,1.00
2016.11.15 23:10:00.766,0.77369,0.77397,1.00,1.00
2016.11.15 23:10:01.093,0.77375,0.774,1.00,1.50
2016.11.15 23:10:02.861,0.77378,0.774,1.00,1.00
2016.11.15 23:10:02.962,0.77375,0.774,1.00,1.00
2016.11.15 23:10:05.963,0.77378,0.774,1.00,1.00
2016.11.15 23:10:06.114,0.7738,0.77405,1.00,1.00
2016.11.15 23:10:06.423,0.77385,0.77408,1.00,1.00
2016.11.15 23:10:06.594,0.7738,0.77405,1.00,1.00
2016.11.15 23:10:06.695,0.77377,0.77405,1.00,1.00
2016.11.15 23:10:06.795,0.77375,0.77405,1.00,1.00
2016.11.15 23:10:08.035,0.77375,0.77404,1.00,1.00
2016.11.15 23:10:08.587,0.77375,0.77405,1.00,1.50
2016.11.15 23:10:08.884,0.77372,0.774,1.00,1.00
2016.11.15 23:10:09.086,0.77375,0.77404,1.00,1.00
2016.11.15 23:10:10.905,0.7737,0.774,2.25,1.00
2016.11.15 23:10:11.556,0.77371,0.774,1.00,1.00
2016.11.15 23:10:12.107,0.7737,0.774,2.25,1.00
2016.11.15 23:10:12.322,0.77375,0.77403,1.00,1.00
2016.11.15 23:10:13.079,0.77375,0.77404,1.00,1.50
2016.11.15 23:10:13.618,0.77375,0.77403,1.00,1.00
2016.11.15 23:10:15.147,0.77375,0.77402,1.00,1.00
2016.11.15 23:10:15.468,0.7737,0.77395,1.50,1.00
2016.11.15 23:10:16.176,0.77371,0.77395,1.00,1.00
2016.11.15 23:10:16.684,0.7737,0.77395,1.50,1.00
2016.11.15 23:10:17.268,0.77371,0.77395,1.00,1.00
2016.11.15 23:10:18.296,0.7737,0.77395,1.50,1.00
2016.11.15 23:10:19.795,0.77365,0.7739,1.00,1.00
2016.11.15 23:10:20.725,0.77365,0.77395,1.50,1.50
2016.11.15 23:10:21.410,0.7737,0.77396,1.00,1.00
2016.11.15 23:10:21.969,0.7737,0.77395,1.00,1.50
2016.11.15 23:10:33.862,0.77365,0.7739,1.50,1.00
2016.11.15 23:10:34.224,0.7737,0.77395,1.00,1.00
2016.11.15 23:10:41.272,0.77369,0.77396,1.00,1.00
2016.11.15 23:10:41.922,0.7737,0.77395,1.00,1.00
2016.11.15 23:10:45.454,0.77369,0.77397,1.00,1.00
2016.11.15 23:10:45.724,0.77369,0.77399,1.00,1.50
2016.11.15 23:10:46.671,0.77369,0.77398,1.00,1.00
2016.11.15 23:10:46.772,0.77369,0.77396,1.00,1.00
2016.11.15 23:10:46.873,0.7737,0.77398,1.00,1.00
2016.11.15 23:10:49.866,0.7737,0.77399,1.00,1.50
2016.11.15 23:10:50.168,0.77375,0.774,1.00,1.00
2016.11.15 23:10:50.672,0.77375,0.77404,1.00,1.50
2016.11.15 23:10:50.723,0.77375,0.774,1.00,1.00
2016.11.15 23:10:51.390,0.77375,0.77399,1.00,1.00
2016.11.15 23:10:55.074,0.7737,0.77395,1.00,1.00
2016.11.15 23:10:56.471,0.77366,0.7739,1.00,1.00
2016.11.15 23:10:57.951,0.7737,0.77395,1.00,1.00
2016.11.15 23:11:01.472,0.7737,0.774,1.00,1.00
2016.11.15 23:11:01.573,0.7737,0.77395,1.00,1.00
2016.11.15 23:11:05.461,0.77375,0.77399,1.00,1.00
2016.11.15 23:11:06.623,0.77375,0.774,1.00,2.25
2016.11.15 23:11:07.418,0.77375,0.77399,1.00,1.00
2016.11.15 23:11:07.570,0.77375,0.77402,1.00,1.50
2016.11.15 23:11:07.674,0.77375,0.77399,1.00,1.00
2016.11.15 23:11:08.093,0.77375,0.77402,1.00,1.50
2016.11.15 23:11:08.194,0.77375,0.774,1.00,1.50
2016.11.15 23:11:09.826,0.77375,0.77399,1.00,1.00
2016.11.15 23:11:10.267,0.7737,0.77395,1.00,1.00
2016.11.15 23:11:10.368,0.77375,0.774,1.00,1.00
2016.11.15 23:11:10.670,0.7737,0.77395,1.00,1.00
2016.11.15 23:11:17.064,0.7737,0.77394,1.00,1.00
2016.11.15 23:11:17.369,0.77374,0.77396,1.00,1.50
2016.11.15 23:11:17.685,0.7737,0.77395,1.00,1.00
2016.11.15 23:11:20.184,0.77375,0.77396,1.00,1.50
2016.11.15 23:11:22.904,0.77374,0.774,1.00,1.50
2016.11.15 23:11:23.004,0.77379,0.77401,1.00,1.00
2016.11.15 23:11:23.533,0.7738,0.77402,1.00,1.50
2016.11.15 23:11:23.973,0.77375,0.774,1.00,1.00
2016.11.15 23:11:29.089,0.77374,0.77401,1.00,1.50
2016.11.15 23:11:29.859,0.77374,0.774,1.00,1.00
2016.11.15 23:11:30.571,0.77374,0.77401,1.00,2.25
2016.11.15 23:11:32.623,0.77375,0.774,1.00,1.00
2016.11.15 23:11:33.189,0.77375,0.77399,1.00,1.00
2016.11.15 23:11:33.523,0.77379,0.77401,1.00,1.50
2016.11.15 23:11:34.689,0.77379,0.774,1.00,1.00
2016.11.15 23:11:35.934,0.77375,0.774,1.00,1.50
2016.11.15 23:11:38.556,0.77375,0.774,1.00,1.87
2016.11.15 23:11:39.153,0.77375,0.774,1.00,2.25
2016.11.15 23:11:39.514,0.77375,0.77389,1.00,1.00
2016.11.15 23:11:39.862,0.77359,0.77372,2.25,1.00
2016.11.15 23:11:39.913,0.77344,0.77372,1.75,1.00
2016.11.15 23:11:40.014,0.7734,0.77368,1.75,1.00
2016.11.15 23:11:40.115,0.77335,0.77368,1.75,1.50
2016.11.15 23:11:40.216,0.7734,0.77365,1.00,1.00
2016.11.15 23:11:40.621,0.77337,0.7736,1.75,1.00
2016.11.15 23:11:40.914,0.77335,0.7736,1.87,1.00
2016.11.15 23:11:44.616,0.7733,0.77355,2.25,1.00
2016.11.15 23:11:44.918,0.77335,0.7736,1.50,1.00
2016.11.15 23:11:45.418,0.77332,0.77355,1.00,1.00
2016.11.15 23:11:47.634,0.7733,0.77355,3.00,1.00
2016.11.15 23:11:47.963,0.7733,0.77355,2.25,1.00
2016.11.15 23:11:48.013,0.77335,0.7736,1.00,1.00
2016.11.15 23:11:50.576,0.77335,0.7736,1.00,1.37
2016.11.15 23:11:51.351,0.7734,0.77365,1.00,1.37
2016.11.15 23:11:51.402,0.7734,0.77365,1.00,1.00
2016.11.15 23:11:51.503,0.77337,0.7737,1.50,2.25
2016.11.15 23:11:51.553,0.7734,0.77372,1.87,3.37
2016.11.15 23:11:51.604,0.77341,0.77372,1.75,1.50
2016.11.15 23:11:51.655,0.77345,0.7737,1.00,1.00
2016.11.15 23:11:52.269,0.77344,0.77371,1.00,1.12
2016.11.15 23:11:52.737,0.7735,0.77375,1.00,2.25
2016.11.15 23:11:52.788,0.7735,0.77375,1.00,1.50
2016.11.15 23:11:53.308,0.7735,0.77375,2.25,1.00
2016.11.15 23:11:55.419,0.77355,0.77378,1.00,1.00
2016.11.15 23:11:56.215,0.77355,0.77376,1.00,1.00
2016.11.15 23:11:56.758,0.77355,0.77377,1.00,1.00
2016.11.15 23:11:56.959,0.7735,0.77375,1.50,1.00
2016.11.15 23:11:57.463,0.77343,0.7737,1.75,1.00
2016.11.15 23:11:57.682,0.7734,0.7737,1.75,1.00
2016.11.15 23:11:58.404,0.77338,0.7737,1.75,1.87
2016.11.15 23:11:58.504,0.77335,0.77367,4.87,1.37
2016.11.15 23:11:58.555,0.77335,0.77365,2.25,1.12
2016.11.15 23:11:58.756,0.77345,0.77369,1.00,1.75
2016.11.15 23:11:58.958,0.77345,0.7737,1.00,2.25
2016.11.15 23:11:59.429,0.77342,0.7737,1.12,1.87
2016.11.15 23:11:59.793,0.77336,0.77369,2.62,1.50
2016.11.15 23:11:59.843,0.77335,0.77369,2.25,1.75
2016.11.15 23:12:00.531,0.77335,0.77369,2.25,1.37
2016.11.15 23:12:00.581,0.77338,0.77369,1.75,1.12
2016.11.15 23:12:00.632,0.77345,0.77369,1.00,1.12
2016.11.15 23:12:02.865,0.77341,0.7737,1.50,2.25
2016.11.15 23:12:04.034,0.77345,0.77369,1.00,1.12
2016.11.15 23:12:04.336,0.7735,0.77373,1.00,1.37
2016.11.15 23:12:04.387,0.7735,0.77375,1.00,2.25
2016.11.15 23:12:04.437,0.77355,0.77375,1.00,1.75
2016.11.15 23:12:04.588,0.77355,0.77378,1.00,1.12
2016.11.15 23:12:05.171,0.77355,0.77379,1.00,1.00
2016.11.15 23:12:05.922,0.77355,0.77379,1.00,1.50
2016.11.15 23:12:17.769,0.77351,0.77375,1.00,1.00
2016.11.15 23:12:19.785,0.7735,0.77375,1.87,1.00
2016.11.15 23:12:20.985,0.77355,0.77378,1.00,1.00
2016.11.15 23:12:24.294,0.77355,0.7738,1.00,2.25
2016.11.15 23:12:24.570,0.77349,0.77376,1.37,1.12
2016.11.15 23:12:25.118,0.7735,0.77375,1.00,1.12
2016.11.15 23:12:26.431,0.77351,0.77375,1.00,1.12
2016.11.15 23:12:26.482,0.77354,0.77377,1.00,1.37
2016.11.15 23:12:26.532,0.77354,0.77377,1.00,1.00
2016.11.15 23:12:26.936,0.77355,0.77379,1.00,1.12
2016.11.15 23:12:30.047,0.77355,0.77378,1.00,1.00
2016.11.15 23:12:30.098,0.7735,0.77375,1.37,1.00
2016.11.15 23:12:30.199,0.77345,0.77374,1.37,1.12
2016.11.15 23:12:30.250,0.77341,0.77371,1.75,1.00
2016.11.15 23:12:30.552,0.77335,0.77366,2.25,1.75
2016.11.15 23:12:30.603,0.77339,0.77366,1.00,2.25
2016.11.15 23:12:30.938,0.77335,0.77359,1.00,1.50
2016.11.15 23:12:31.515,0.77335,0.77357,1.00,1.00
2016.11.15 23:12:37.422,0.77335,0.77358,1.00,1.12
2016.11.15 23:12:37.631,0.77335,0.77362,1.00,1.50
2016.11.15 23:12:38.616,0.77335,0.77362,1.50,1.00
2016.11.15 23:12:39.668,0.77335,0.77363,1.50,1.00
2016.11.15 23:12:40.569,0.77335,0.77364,2.25,1.12
2016.11.15 23:12:41.465,0.77335,0.77361,1.50,1.00
2016.11.15 23:12:41.583,0.77329,0.77359,1.75,1.00
2016.11.15 23:12:41.634,0.77329,0.77356,1.75,1.00
2016.11.15 23:12:41.735,0.77325,0.77353,1.75,1.00
2016.11.15 23:12:49.841,0.77325,0.77354,1.75,1.00
2016.11.15 23:12:53.460,0.77325,0.77352,1.75,1.00
2016.11.15 23:12:53.561,0.77325,0.77352,1.00,1.75
2016.11.15 23:12:53.993,0.7733,0.77349,1.00,1.00
2016.11.15 23:12:54.220,0.77325,0.77349,1.00,1.00
2016.11.15 23:12:54.494,0.7733,0.77351,1.00,1.50
2016.11.15 23:12:59.023,0.77325,0.7735,1.00,1.12
2016.11.15 23:13:02.403,0.7733,0.77354,1.00,1.75
2016.11.15 23:13:02.794,0.7733,0.77355,1.00,1.87
2016.11.15 23:13:03.258,0.7733,0.77355,1.00,2.25
2016.11.15 23:13:04.782,0.7733,0.77354,1.00,1.75
2016.11.15 23:13:09.920,0.77325,0.77355,1.50,1.75
2016.11.15 23:13:09.971,0.77325,0.77356,2.25,1.37
2016.11.15 23:13:10.172,0.77325,0.77355,1.00,1.75
2016.11.15 23:13:11.832,0.7733,0.77354,1.00,1.75
2016.11.15 23:13:15.157,0.77325,0.77357,1.37,1.75
2016.11.15 23:13:15.208,0.77325,0.77357,1.75,1.75
2016.11.15 23:13:15.359,0.77325,0.77356,1.37,1.75
2016.11.15 23:13:15.589,0.7733,0.77359,1.00,1.75
2016.11.15 23:13:15.639,0.77325,0.77354,1.75,1.00
2016.11.15 23:13:15.891,0.77324,0.77354,1.00,1.75
2016.11.15 23:13:17.932,0.77325,0.77352,1.00,1.50
2016.11.15 23:13:33.037,0.77325,0.77352,1.00,1.12
2016.11.15 23:13:34.686,0.77324,0.77355,1.12,1.75
2016.11.15 23:13:42.685,0.77325,0.77353,1.00,1.50
2016.11.15 23:13:44.667,0.77325,0.77355,1.75,1.12
2016.11.15 23:13:44.718,0.77325,0.77353,1.75,1.00
2016.11.15 23:13:45.020,0.77325,0.7735,1.00,1.00
2016.11.15 23:13:45.848,0.77325,0.77349,1.00,1.00
2016.11.15 23:13:46.412,0.77325,0.77348,1.00,1.00
2016.11.15 23:13:49.916,0.77325,0.77349,1.00,1.00
2016.11.15 23:13:53.878,0.77324,0.77349,1.00,1.00
2016.11.15 23:13:54.490,0.77324,0.77348,1.00,1.00
2016.11.15 23:13:58.798,0.77325,0.77348,1.00,1.00
2016.11.15 23:14:04.960,0.77325,0.77349,1.00,1.12
2016.11.15 23:14:09.071,0.77325,0.77352,1.12,1.00
2016.11.15 23:14:09.926,0.77325,0.77353,1.12,1.12
2016.11.15 23:14:11.510,0.7733,0.77353,1.00,1.12
2016.11.15 23:14:11.661,0.7733,0.77357,1.00,1.00
2016.11.15 23:14:11.712,0.77335,0.77357,1.00,1.00
2016.11.15 23:14:11.762,0.77335,0.77364,1.00,1.75
2016.11.15 23:14:12.185,0.77335,0.77365,1.75,1.12
2016.11.15 23:14:12.236,0.77335,0.77363,1.75,1.00
2016.11.15 23:14:12.538,0.77335,0.77362,1.00,1.75
2016.11.15 23:14:12.589,0.77335,0.77362,1.12,1.00
2016.11.15 23:14:13.333,0.77335,0.77363,1.12,1.12
2016.11.15 23:14:18.191,0.7733,0.77364,1.50,1.75
2016.11.15 23:14:26.070,0.77335,0.77365,1.00,2.62
2016.11.15 23:14:26.321,0.77345,0.77372,1.00,1.50
2016.11.15 23:14:26.523,0.7734,0.7737,1.75,1.00
2016.11.15 23:14:26.807,0.7734,0.7737,1.50,1.75
2016.11.15 23:14:32.028,0.7734,0.7737,2.25,1.00
2016.11.15 23:14:32.412,0.7734,0.7737,1.50,2.25
2016.11.15 23:14:33.315,0.77345,0.7737,1.00,1.75
2016.11.15 23:14:35.711,0.77345,0.77366,1.00,1.00
2016.11.15 23:14:35.761,0.7734,0.77366,1.50,1.00
2016.11.15 23:14:35.812,0.7734,0.77363,1.50,1.00
2016.11.15 23:14:36.317,0.7734,0.77367,1.00,1.75
2016.11.15 23:14:36.718,0.7734,0.77369,1.00,1.75
2016.11.15 23:14:36.819,0.77345,0.77371,1.00,1.75
2016.11.15 23:14:38.007,0.77345,0.77371,1.00,1.75
2016.11.15 23:14:38.058,0.77345,0.77371,1.00,1.50
2016.11.15 23:14:39.229,0.7734,0.7737,3.00,1.12
2016.11.15 23:14:44.042,0.77337,0.77369,1.75,1.00
2016.11.15 23:14:44.142,0.77337,0.77369,1.75,1.75
2016.11.15 23:14:44.939,0.7734,0.77371,1.50,1.37
2016.11.15 23:14:47.419,0.77337,0.77368,1.75,1.00
2016.11.15 23:14:47.470,0.77336,0.77368,1.50,1.50
2016.11.15 23:14:47.723,0.77335,0.77367,1.50,1.37
2016.11.15 23:14:48.268,0.77335,0.77367,1.12,1.75
2016.11.15 23:14:49.435,0.7734,0.77365,1.00,1.75
2016.11.15 23:14:49.633,0.77335,0.77365,1.12,2.25
2016.11.15 23:14:50.061,0.77334,0.77366,2.25,1.87
2016.11.15 23:14:50.612,0.77335,0.77365,1.75,1.00
2016.11.15 23:14:50.663,0.77334,0.77366,1.50,2.25
2016.11.15 23:14:50.865,0.77334,0.77362,1.00,1.75
2016.11.15 23:14:51.415,0.77335,0.77362,1.00,1.75
2016.11.15 23:14:51.854,0.77335,0.77364,1.12,1.50
2016.11.15 23:14:56.158,0.77335,0.77362,1.12,1.00
2016.11.15 23:14:56.457,0.77335,0.77362,1.00,1.37
2016.11.15 23:15:00.467,0.77335,0.77362,1.12,1.37
2016.11.15 23:15:00.991,0.77335,0.77362,1.12,1.00
2016.11.15 23:15:01.954,0.7733,0.7736,3.00,1.00
2016.11.15 23:15:02.489,0.7733,0.77361,2.25,1.00
2016.11.15 23:15:03.523,0.7733,0.7736,3.00,1.00
2016.11.15 23:15:07.190,0.7733,0.77359,1.75,1.00
2016.11.15 23:15:07.291,0.7733,0.77358,1.00,1.75
2016.11.15 23:15:07.593,0.77335,0.77362,1.00,1.75
2016.11.15 23:15:07.735,0.77335,0.77362,1.00,1.12
2016.11.15 23:15:08.239,0.77335,0.77361,1.00,1.00
2016.11.15 23:15:10.476,0.7733,0.7736,3.00,1.00
2016.11.15 23:15:10.785,0.77335,0.77362,1.00,1.12
2016.11.15 23:15:10.886,0.77332,0.7736,1.75,1.00
2016.11.15 23:15:11.787,0.77335,0.77361,1.00,1.00
2016.11.15 23:15:12.574,0.77335,0.77363,1.00,1.50
2016.11.15 23:15:16.688,0.7734,0.77363,1.00,1.50
2016.11.15 23:15:17.271,0.77334,0.77363,1.12,1.50
2016.11.15 23:15:19.709,0.77335,0.7736,1.00,1.00
2016.11.15 23:15:19.911,0.77335,0.77363,1.00,1.50
2016.11.15 23:15:20.423,0.7734,0.77363,1.00,1.50
2016.11.15 23:15:20.620,0.77335,0.7736,1.00,1.00
2016.11.15 23:15:21.490,0.77334,0.77363,1.87,1.50
2016.11.15 23:15:23.980,0.77333,0.7736,1.50,1.50
2016.11.15 23:15:24.738,0.77332,0.7736,1.50,1.00
2016.11.15 23:15:25.120,0.77335,0.77363,1.00,2.25
2016.11.15 23:15:40.199,0.7734,0.77364,1.00,1.87
2016.11.15 23:15:40.250,0.7734,0.77364,1.00,1.12
2016.11.15 23:15:40.401,0.77345,0.77367,1.00,1.75
2016.11.15 23:15:40.502,0.7734,0.77369,2.25,3.37
2016.11.15 23:15:40.610,0.7734,0.77369,1.50,1.50
2016.11.15 23:15:41.699,0.77339,0.77365,1.50,1.50
2016.11.15 23:15:41.866,0.77335,0.77365,1.50,2.25
2016.11.15 23:15:43.351,0.7734,0.77365,1.00,2.25
2016.11.15 23:15:46.160,0.7734,0.77365,1.00,1.00
2016.11.15 23:15:47.406,0.77335,0.77365,3.00,1.00
2016.11.15 23:15:49.939,0.77335,0.77361,1.50,1.00
2016.11.15 23:15:49.990,0.77335,0.77361,1.50,1.00
2016.11.15 23:15:50.113,0.77335,0.77363,1.50,1.00
2016.11.15 23:15:50.718,0.77335,0.77364,1.50,1.50
2016.11.15 23:15:51.726,0.77335,0.77365,1.50,1.87
2016.11.15 23:15:52.513,0.77335,0.77366,1.75,2.62
2016.11.15 23:15:55.037,0.7734,0.77366,1.00,1.12
2016.11.15 23:16:00.664,0.7734,0.77365,1.00,1.12
2016.11.15 23:16:00.865,0.7734,0.77368,1.00,1.50
2016.11.15 23:16:01.869,0.7734,0.77368,1.37,1.37
2016.11.15 23:16:02.153,0.7734,0.77369,1.75,1.00
2016.11.15 23:16:04.172,0.7734,0.7737,1.75,1.12
2016.11.15 23:16:04.569,0.77344,0.77371,1.00,1.50
2016.11.15 23:16:04.870,0.77341,0.7737,2.25,1.12
2016.11.15 23:16:04.973,0.77345,0.77372,1.00,1.75
2016.11.15 23:16:08.837,0.77345,0.77372,1.50,1.00
2016.11.15 23:16:11.336,0.77344,0.7737,1.75,1.00
2016.11.15 23:16:11.938,0.77345,0.77372,1.50,1.00
2016.11.15 23:16:12.041,0.77344,0.7737,1.75,1.00
2016.11.15 23:16:13.386,0.77345,0.77373,1.50,1.00
2016.11.15 23:16:17.461,0.77345,0.77374,1.50,1.12
2016.11.15 23:16:18.045,0.77345,0.77373,1.50,1.00
2016.11.15 23:16:18.559,0.77345,0.77372,2.25,1.00
2016.11.15 23:16:18.968,0.77347,0.77374,1.00,1.12
2016.11.15 23:16:19.065,0.7735,0.77377,1.00,2.25
2016.11.15 23:16:19.166,0.7735,0.77378,1.50,1.00
2016.11.15 23:16:20.150,0.77349,0.77375,1.75,1.00
2016.11.15 23:16:28.786,0.7736,0.7738,1.00,1.50
2016.11.15 23:16:28.887,0.77355,0.7738,1.00,2.25
2016.11.15 23:16:29.074,0.77355,0.77376,1.00,1.00
2016.11.15 23:16:29.276,0.77355,0.77383,1.00,2.25
2016.11.15 23:16:29.478,0.77355,0.77383,1.00,1.75
2016.11.15 23:16:30.563,0.77353,0.7738,2.25,1.00
2016.11.15 23:16:30.764,0.7735,0.77377,2.25,1.00
2016.11.15 23:16:31.665,0.7735,0.77376,1.50,1.00
2016.11.15 23:16:33.110,0.7735,0.77378,1.50,1.00
2016.11.15 23:16:33.261,0.7735,0.77379,1.50,1.00
2016.11.15 23:16:34.571,0.77355,0.77383,1.00,1.00
2016.11.15 23:16:34.672,0.7736,0.77383,1.00,1.00
2016.11.15 23:16:35.195,0.7736,0.77384,1.00,1.00
2016.11.15 23:16:51.120,0.77365,0.77386,1.00,1.50
2016.11.15 23:16:51.221,0.77365,0.77387,1.00,1.12
2016.11.15 23:16:51.396,0.77355,0.77382,1.50,1.00
2016.11.15 23:16:51.447,0.77355,0.77382,1.12,1.00
2016.11.15 23:16:51.599,0.7735,0.7738,4.12,1.00
2016.11.15 23:16:51.922,0.7736,0.77382,1.00,1.00
2016.11.15 23:16:52.089,0.77355,0.7738,1.12,1.00
2016.11.15 23:16:52.802,0.7735,0.7738,1.50,2.25
2016.11.15 23:16:55.504,0.77355,0.77384,1.00,1.75
2016.11.15 23:16:55.756,0.77355,0.77385,1.12,1.75
2016.11.15 23:16:55.807,0.77355,0.77385,1.00,1.75
2016.11.15 23:16:56.354,0.77355,0.77383,1.00,1.00
2016.11.15 23:16:56.405,0.7736,0.77383,1.00,1.00
2016.11.15 23:16:56.896,0.77354,0.77383,1.87,1.00
2016.11.15 23:16:57.998,0.77355,0.77383,1.00,1.00
2016.11.15 23:16:58.550,0.77354,0.77383,1.87,1.00
2016.11.15 23:16:58.825,0.7736,0.77383,1.00,1.00
2016.11.15 23:16:59.021,0.77355,0.77383,1.00,1.00
2016.11.15 23:17:00.322,0.77355,0.77384,1.00,1.12
2016.11.15 23:17:00.567,0.77355,0.77384,1.37,1.00
2016.11.15 23:17:01.103,0.7736,0.77384,1.00,1.00
2016.11.15 23:17:01.506,0.77364,0.77386,1.00,1.12
2016.11.15 23:17:02.042,0.77365,0.77386,1.00,1.00
2016.11.15 23:17:02.105,0.77365,0.77388,1.00,1.50
2016.11.15 23:17:02.641,0.77365,0.77389,1.00,1.87
2016.11.15 23:17:04.720,0.77366,0.7739,1.00,1.50
2016.11.15 23:17:04.821,0.7737,0.77392,1.00,1.37
2016.11.15 23:17:04.871,0.7737,0.77395,1.00,1.12
2016.11.15 23:17:04.922,0.77375,0.77398,1.00,1.75
2016.11.15 23:17:05.169,0.7738,0.77402,1.00,1.00
2016.11.15 23:17:05.220,0.77375,0.774,1.00,1.00
2016.11.15 23:17:05.270,0.77375,0.77398,1.00,1.00
2016.11.15 23:17:05.522,0.7737,0.77395,1.00,1.00
2016.11.15 23:17:06.736,0.77375,0.77396,1.00,1.00
2016.11.15 23:17:07.413,0.7737,0.77395,1.00,1.00
2016.11.15 23:17:09.567,0.7737,0.77394,1.00,1.00
2016.11.15 23:17:09.668,0.77365,0.77394,2.25,1.50
2016.11.15 23:17:09.819,0.77365,0.77394,1.12,1.37
2016.11.15 23:17:10.276,0.77365,0.77394,1.50,1.12
2016.11.15 23:17:10.437,0.77362,0.7739,1.75,1.00
2016.11.15 23:17:10.519,0.77365,0.77394,1.50,1.12
2016.11.15 23:17:10.646,0.7737,0.77395,1.00,2.25
2016.11.15 23:17:11.170,0.7737,0.77395,1.00,1.00
2016.11.15 23:17:21.953,0.77375,0.77398,1.00,2.25
2016.11.15 23:17:23.837,0.7737,0.77395,1.00,1.00
2016.11.15 23:17:24.038,0.77375,0.77398,1.00,2.25
2016.11.15 23:17:24.667,0.7737,0.77395,1.00,1.00
2016.11.15 23:17:24.869,0.77365,0.77395,1.37,2.62
2016.11.15 23:17:24.969,0.77365,0.77392,1.37,1.00
2016.11.15 23:17:25.271,0.77365,0.77391,1.00,1.75
2016.11.15 23:17:26.141,0.7736,0.7739,2.25,1.50
2016.11.15 23:17:26.861,0.7736,0.77389,1.00,2.25
2016.11.15 23:17:31.346,0.77355,0.77385,2.25,1.00
2016.11.15 23:17:31.574,0.7736,0.77389,1.00,1.75
2016.11.15 23:17:38.173,0.77358,0.77385,1.12,1.00
2016.11.15 23:17:38.293,0.7736,0.77389,1.00,1.75
2016.11.15 23:17:39.007,0.7736,0.7739,1.87,1.37
2016.11.15 23:17:41.084,0.77365,0.77391,1.00,1.50
2016.11.15 23:17:41.185,0.77365,0.77392,1.12,1.37
2016.11.15 23:17:41.918,0.77365,0.77392,1.12,1.00
2016.11.15 23:17:44.384,0.77365,0.77393,1.12,1.12
2016.11.15 23:17:58.292,0.77365,0.77393,1.00,1.37
2016.11.15 23:17:58.724,0.77365,0.77394,2.25,1.00
2016.11.15 23:17:59.026,0.77371,0.77395,1.00,1.00
2016.11.15 23:17:59.551,0.7737,0.77394,1.00,1.00
2016.11.15 23:18:00.308,0.7737,0.77393,1.00,1.00
2016.11.15 23:18:02.992,0.7737,0.77394,1.00,1.00
2016.11.15 23:18:03.217,0.77369,0.77396,1.00,1.00
2016.11.15 23:18:03.790,0.7737,0.77395,1.00,1.00
2016.11.15 23:18:13.633,0.77375,0.77397,1.00,1.00
2016.11.15 23:18:14.208,0.77375,0.77398,1.00,1.50
2016.11.15 23:18:18.325,0.77375,0.77398,1.00,2.25
2016.11.15 23:18:25.551,0.7738,0.77399,1.00,2.25
2016.11.15 23:18:25.652,0.77375,0.77399,1.00,2.25
2016.11.15 23:18:34.357,0.77375,0.774,1.00,2.25
2016.11.15 23:18:34.554,0.7738,0.77403,1.00,1.37
2016.11.15 23:18:34.755,0.77376,0.774,1.00,1.00
2016.11.15 23:18:35.118,0.7738,0.77404,1.00,1.50
2016.11.15 23:18:35.321,0.77376,0.77401,1.00,1.00
2016.11.15 23:18:35.970,0.77375,0.77401,1.00,1.00
2016.11.15 23:18:39.445,0.7738,0.77404,1.00,1.50
2016.11.15 23:18:39.597,0.7738,0.77405,1.00,2.62
2016.11.15 23:18:40.148,0.7738,0.77403,1.00,1.00
2016.11.15 23:18:40.691,0.7738,0.77402,1.00,1.00
2016.11.15 23:18:42.588,0.7738,0.77403,1.00,1.50
2016.11.15 23:18:43.216,0.77379,0.77403,1.00,1.00
2016.11.15 23:18:44.468,0.77379,0.77404,1.00,1.50
2016.11.15 23:18:47.471,0.77379,0.77403,1.50,1.00
2016.11.15 23:18:47.773,0.77384,0.77409,1.00,1.12
2016.11.15 23:18:47.874,0.77385,0.77407,1.00,1.00
2016.11.15 23:18:47.975,0.77386,0.77411,1.00,1.00
2016.11.15 23:18:48.076,0.7739,0.77413,1.00,1.50
2016.11.15 23:18:48.772,0.7739,0.77411,1.00,1.00
2016.11.15 23:18:49.344,0.77388,0.77411,1.00,1.00
2016.11.15 23:18:49.572,0.77386,0.7741,1.50,1.00
2016.11.15 23:18:49.962,0.77384,0.77408,1.00,1.00
2016.11.15 23:18:50.292,0.7738,0.77407,1.87,1.00
2016.11.15 23:18:50.494,0.7738,0.77405,1.00,1.00
2016.11.15 23:18:50.796,0.77382,0.77406,1.00,1.00
2016.11.15 23:18:50.897,0.77382,0.7741,1.75,1.50
2016.11.15 23:18:53.384,0.77385,0.77411,1.87,1.50
2016.11.15 23:18:54.966,0.77385,0.7741,1.87,1.00
2016.11.15 23:18:56.868,0.77385,0.77411,1.12,1.50
2016.11.15 23:18:57.518,0.77385,0.7741,1.12,1.00
2016.11.15 23:18:58.068,0.77385,0.77411,1.12,1.50
2016.11.15 23:18:58.667,0.77385,0.7741,1.12,2.25
2016.11.15 23:18:59.419,0.77385,0.77409,1.12,1.50
2016.11.15 23:18:59.519,0.77385,0.77407,1.00,1.00
2016.11.15 23:18:59.570,0.77381,0.77405,1.50,1.00
2016.11.15 23:19:00.867,0.77381,0.77406,1.37,1.50
2016.11.15 23:19:00.918,0.77379,0.77406,1.12,1.00
2016.11.15 23:19:01.422,0.7738,0.77406,1.00,1.50
2016.11.15 23:19:01.574,0.77382,0.77406,1.00,1.00
2016.11.15 23:19:01.876,0.7739,0.77413,1.50,1.00
2016.11.15 23:19:02.222,0.77389,0.7741,1.00,1.00
2016.11.15 23:19:02.867,0.77389,0.77411,1.00,1.50
2016.11.15 23:19:03.609,0.77389,0.7741,1.00,1.00
2016.11.15 23:19:05.580,0.77388,0.7741,1.00,1.00
2016.11.15 23:19:07.210,0.77388,0.77411,1.00,1.50
2016.11.15 23:19:08.481,0.77388,0.7741,1.00,1.00
2016.11.15 23:19:10.919,0.77388,0.77411,1.00,1.50
2016.11.15 23:19:14.316,0.77388,0.7741,1.00,1.00
2016.11.15 23:19:14.869,0.77388,0.77411,1.00,1.50
2016.11.15 23:19:15.235,0.77388,0.77408,1.00,1.00
2016.11.15 23:19:15.709,0.77386,0.77405,1.00,1.00
2016.11.15 23:19:15.972,0.77386,0.77408,1.00,1.00
2016.11.15 23:19:16.073,0.77386,0.77405,1.00,1.00
2016.11.15 23:19:16.124,0.77383,0.77405,1.50,1.00
2016.11.15 23:19:16.641,0.77385,0.77405,1.00,1.50
2016.11.15 23:19:16.742,0.77386,0.77408,1.00,1.00
2016.11.15 23:19:17.368,0.77387,0.77409,1.00,1.00
2016.11.15 23:19:17.587,0.77385,0.77405,1.00,1.00
2016.11.15 23:19:17.702,0.77381,0.77405,1.00,1.00
2016.11.15 23:19:18.815,0.7738,0.77403,1.12,1.00
2016.11.15 23:19:19.117,0.77375,0.77399,1.12,1.00
2016.11.15 23:19:19.218,0.77375,0.77397,1.12,1.00
2016.11.15 23:19:19.319,0.77371,0.77396,1.50,1.00
2016.11.15 23:19:19.916,0.7737,0.77397,1.75,1.00
2016.11.15 23:19:21.017,0.7737,0.77395,2.25,1.50
2016.11.15 23:19:21.320,0.77375,0.77398,1.00,1.00
2016.11.15 23:19:21.583,0.77374,0.77401,1.50,1.50
2016.11.15 23:19:22.110,0.77375,0.774,1.87,1.00
2016.11.15 23:19:22.312,0.7738,0.77401,1.00,1.00
2016.11.15 23:19:22.677,0.77375,0.77402,1.87,1.00
2016.11.15 23:19:23.799,0.77375,0.77403,1.87,1.87
2016.11.15 23:19:24.318,0.77377,0.77403,1.00,1.87
2016.11.15 23:19:25.134,0.77379,0.77403,1.00,1.87
2016.11.15 23:19:26.795,0.7738,0.77403,1.00,1.87
2016.11.15 23:19:27.097,0.77387,0.77409,1.00,1.00
2016.11.15 23:19:27.148,0.77383,0.7741,1.75,1.50
2016.11.15 23:19:27.277,0.77379,0.77409,1.75,1.00
2016.11.15 23:19:27.529,0.77379,0.77407,1.37,1.00
2016.11.15 23:19:27.580,0.77379,0.77407,1.12,1.12
2016.11.15 23:19:27.685,0.77379,0.77405,1.12,1.00
2016.11.15 23:19:28.550,0.77376,0.77405,1.12,1.50
2016.11.15 23:19:30.362,0.77377,0.77405,1.00,1.50
2016.11.15 23:19:30.886,0.77376,0.77404,1.87,1.12
2016.11.15 23:19:31.210,0.77376,0.77401,1.12,1.00
2016.11.15 23:19:31.361,0.77372,0.774,1.75,1.00
2016.11.15 23:19:33.937,0.77372,0.77401,1.75,1.12
2016.11.15 23:19:34.038,0.77372,0.77399,1.75,1.00
2016.11.15 23:19:35.521,0.7737,0.77397,1.37,1.00
2016.11.15 23:19:35.572,0.7737,0.77397,1.12,1.00
2016.11.15 23:19:35.857,0.7737,0.77395,1.12,1.00
2016.11.15 23:19:38.219,0.7737,0.77396,1.12,1.00
2016.11.15 23:19:39.925,0.77367,0.77394,1.75,1.00
2016.11.15 23:19:41.853,0.7737,0.77395,1.12,1.00
2016.11.15 23:19:42.186,0.77365,0.77394,3.00,1.00
2016.11.15 23:19:42.285,0.77371,0.77394,1.00,1.00
2016.11.15 23:19:42.904,0.77372,0.77395,1.00,1.12
2016.11.15 23:19:44.446,0.7737,0.77396,1.50,1.50
2016.11.15 23:19:45.167,0.7737,0.77396,1.50,1.00
2016.11.15 23:19:45.859,0.7737,0.77395,1.00,1.00
2016.11.15 23:19:46.262,0.7737,0.77397,1.00,1.00
2016.11.15 23:19:46.817,0.7737,0.77396,1.00,1.00
2016.11.15 23:19:48.359,0.77372,0.77398,1.00,1.00
2016.11.15 23:19:48.832,0.77374,0.77398,1.00,1.00
2016.11.15 23:19:49.373,0.77375,0.774,1.12,1.00
2016.11.15 23:19:49.920,0.77375,0.77401,1.87,1.00
2016.11.15 23:19:50.433,0.77375,0.77402,1.12,1.00
2016.11.15 23:19:51.356,0.77375,0.774,1.87,1.00
2016.11.15 23:19:52.884,0.77376,0.774,1.00,1.00
2016.11.15 23:19:53.719,0.77375,0.774,1.87,1.00
2016.11.15 23:19:54.071,0.77376,0.77402,1.00,1.50
2016.11.15 23:19:54.273,0.77378,0.77404,1.00,1.50
2016.11.15 23:19:54.374,0.77378,0.77405,1.37,1.50
2016.11.15 23:19:54.903,0.7738,0.77405,1.00,1.00
2016.11.15 23:19:55.155,0.77376,0.77402,1.37,1.00
2016.11.15 23:19:55.457,0.77375,0.77401,1.50,1.00
2016.11.15 23:19:55.584,0.77377,0.77404,1.00,1.00
2016.11.15 23:19:56.217,0.77377,0.77403,1.00,1.00
2016.11.15 23:19:56.318,0.7738,0.77404,1.00,1.00
2016.11.15 23:19:56.862,0.7738,0.77405,1.50,3.00
2016.11.15 23:19:57.959,0.7738,0.77402,1.50,1.00
2016.11.15 23:19:58.061,0.77381,0.77405,1.00,1.12
2016.11.15 23:19:58.112,0.77377,0.77403,1.75,1.00
2016.11.15 23:19:58.544,0.77377,0.774,1.00,1.00
2016.11.15 23:19:59.509,0.77375,0.774,1.50,1.50
2016.11.15 23:20:00.269,0.7738,0.774,1.00,1.50
2016.11.15 23:20:00.370,0.7738,0.77402,1.00,1.00
2016.11.15 23:20:00.421,0.77378,0.77402,1.00,1.00
2016.11.15 23:20:00.572,0.77376,0.77399,1.00,1.00
2016.11.15 23:20:01.679,0.77375,0.77399,1.50,1.00
2016.11.15 23:20:02.854,0.77379,0.774,1.00,1.00
2016.11.15 23:20:02.955,0.77379,0.77402,1.00,1.00
2016.11.15 23:20:03.157,0.77377,0.77399,1.12,1.00
2016.11.15 23:20:03.783,0.77376,0.77399,1.00,1.00
2016.11.15 23:20:04.321,0.77375,0.77398,1.00,1.00
2016.11.15 23:20:04.710,0.77375,0.77396,1.00,1.00
2016.11.15 23:20:05.254,0.77375,0.77397,1.00,1.00
2016.11.15 23:20:05.602,0.7738,0.774,1.00,1.00
2016.11.15 23:20:06.014,0.7738,0.77394,1.00,1.00
2016.11.15 23:20:06.064,0.77374,0.77392,1.12,1.00
2016.11.15 23:20:06.115,0.77374,0.77388,1.12,1.00
2016.11.15 23:20:06.316,0.77375,0.77393,1.00,1.37
2016.11.15 23:20:06.468,0.7738,0.77393,1.00,1.00
2016.11.15 23:20:06.569,0.77375,0.77392,1.00,1.00
2016.11.15 23:20:06.620,0.77375,0.77395,1.00,1.00
2016.11.15 23:20:06.707,0.7738,0.77395,1.00,1.00
2016.11.15 23:20:06.758,0.77375,0.77392,1.00,1.00
2016.11.15 23:20:07.318,0.77375,0.77391,1.00,1.50
2016.11.15 23:20:07.419,0.7737,0.77391,1.00,1.50
2016.11.15 23:20:08.003,0.7737,0.7739,1.00,1.00
2016.11.15 23:20:08.959,0.7737,0.77391,1.00,1.50
2016.11.15 23:20:10.061,0.7737,0.7739,1.00,1.00
2016.11.15 23:20:10.929,0.77372,0.77394,1.00,1.00
2016.11.15 23:20:10.980,0.77375,0.77393,1.00,1.00
2016.11.15 23:20:11.081,0.7737,0.7739,1.00,1.00
2016.11.15 23:20:11.609,0.7737,0.77389,1.00,1.00
2016.11.15 23:20:15.240,0.77369,0.77389,1.00,1.00
2016.11.15 23:20:15.922,0.77369,0.7739,1.00,1.00
2016.11.15 23:20:16.470,0.77369,0.77389,1.00,1.00
2016.11.15 23:20:17.888,0.7737,0.77389,1.00,1.00
2016.11.15 23:20:17.939,0.7737,0.77386,1.00,1.00
2016.11.15 23:20:17.990,0.77365,0.77383,1.00,1.00
2016.11.15 23:20:18.273,0.77365,0.77381,1.00,1.00
2016.11.15 23:20:21.173,0.77365,0.77382,1.00,1.00
2016.11.15 23:20:21.873,0.77365,0.77381,1.00,1.00
2016.11.15 23:20:27.459,0.77364,0.77381,1.00,1.00
2016.11.15 23:20:28.480,0.77364,0.77382,1.00,1.00
2016.11.15 23:20:34.668,0.77365,0.77382,1.00,1.00
2016.11.15 23:20:45.048,0.77365,0.77381,1.00,1.00
2016.11.15 23:20:46.134,0.77365,0.77382,1.00,1.00
2016.11.15 23:20:48.604,0.77365,0.77383,1.00,1.50
2016.11.15 23:20:49.626,0.7736,0.77383,1.00,1.50
2016.11.15 23:20:50.883,0.77365,0.77383,1.00,1.50
2016.11.15 23:20:51.544,0.77365,0.77382,1.00,1.00
2016.11.15 23:20:53.586,0.7736,0.77382,1.00,1.00
2016.11.15 23:20:55.082,0.77363,0.77382,1.00,1.00
2016.11.15 23:20:55.227,0.77365,0.77386,1.00,1.00
2016.11.15 23:20:55.329,0.77367,0.7739,1.00,1.50
2016.11.15 23:20:55.454,0.7737,0.77391,1.00,1.50
2016.11.15 23:20:56.019,0.7737,0.77392,1.00,1.00
2016.11.15 23:20:57.820,0.7737,0.7739,1.12,1.00
2016.11.15 23:20:58.223,0.7737,0.77394,1.12,1.50
2016.11.15 23:20:59.823,0.77371,0.77394,1.00,1.50
2016.11.15 23:21:05.807,0.77373,0.77394,1.00,1.00
2016.11.15 23:21:10.124,0.77374,0.77395,1.00,1.50
2016.11.15 23:21:10.747,0.77374,0.77396,1.50,1.00
2016.11.15 23:21:11.049,0.77368,0.77389,1.00,1.00
2016.11.15 23:21:11.618,0.77366,0.7739,1.50,1.00
2016.11.15 23:21:12.531,0.77368,0.7739,1.00,1.50
2016.11.15 23:21:13.248,0.7737,0.7739,1.00,1.00
2016.11.15 23:21:13.450,0.77371,0.77393,1.00,1.00
2016.11.15 23:21:13.651,0.77375,0.77394,1.00,1.50
2016.11.15 23:21:13.835,0.77372,0.77394,1.00,1.50
2016.11.15 23:21:14.515,0.77375,0.77394,1.00,1.50
2016.11.15 23:21:15.262,0.77372,0.77394,1.00,1.50
2016.11.15 23:21:17.153,0.77371,0.77393,1.12,1.50
2016.11.15 23:21:17.866,0.77372,0.77394,1.00,1.50
2016.11.15 23:21:19.773,0.77373,0.77394,1.00,1.00
2016.11.15 23:21:20.320,0.77373,0.77395,1.00,2.25
2016.11.15 23:21:21.335,0.77371,0.77395,1.12,1.50
2016.11.15 23:21:24.154,0.7737,0.77393,2.25,1.00
2016.11.15 23:21:24.687,0.77371,0.77394,1.12,1.00
2016.11.15 23:21:25.308,0.77373,0.77395,1.00,2.25
2016.11.15 23:21:26.429,0.77375,0.77395,1.00,1.00
2016.11.15 23:21:29.039,0.77375,0.77397,1.00,1.00
2016.11.15 23:21:29.091,0.77375,0.77399,1.00,1.00
2016.11.15 23:21:29.956,0.77375,0.77398,1.50,1.00
2016.11.15 23:21:31.897,0.77375,0.77399,1.50,1.00
2016.11.15 23:21:32.898,0.77372,0.77396,1.75,1.00
2016.11.15 23:21:33.438,0.77375,0.77395,1.00,1.50
2016.11.15 23:21:34.185,0.77375,0.77394,1.00,1.50
2016.11.15 23:21:35.240,0.77373,0.77394,1.00,1.00
2016.11.15 23:21:36.369,0.77372,0.77394,1.00,1.00
2016.11.15 23:21:41.020,0.77371,0.77394,1.12,1.00
2016.11.15 23:21:41.071,0.77375,0.77394,1.00,1.00
2016.11.15 23:21:41.623,0.77375,0.77395,1.00,1.00
2016.11.15 23:21:42.073,0.77371,0.77392,1.12,1.00
2016.11.15 23:21:42.376,0.77366,0.7739,1.75,1.00
2016.11.15 23:21:44.462,0.7737,0.7739,1.00,1.00
2016.11.15 23:21:46.584,0.7737,0.77391,1.00,1.50
2016.11.15 23:21:50.322,0.7737,0.77388,1.00,1.00
2016.11.15 23:21:51.031,0.7737,0.7739,1.00,1.00
2016.11.15 23:21:51.535,0.7737,0.77391,1.00,1.50
2016.11.15 23:21:52.591,0.77369,0.77391,1.00,1.50
2016.11.15 23:21:52.792,0.77375,0.7739,1.00,1.00
2016.11.15 23:21:53.408,0.77375,0.77391,1.00,1.50
2016.11.15 23:21:53.563,0.7737,0.77391,1.00,1.50
2016.11.15 23:21:54.126,0.7737,0.7739,1.00,1.00
2016.11.15 23:21:55.437,0.7737,0.77391,1.00,1.50
2016.11.15 23:21:55.826,0.7737,0.77388,1.00,1.00
2016.11.15 23:21:55.927,0.7737,0.7739,1.00,1.50
2016.11.15 23:21:56.078,0.77375,0.7739,1.00,1.00
2016.11.15 23:21:56.479,0.77375,0.77393,1.00,1.50
2016.11.15 23:21:57.185,0.7737,0.77392,1.00,1.00
2016.11.15 23:21:57.714,0.7737,0.77391,1.00,1.00
2016.11.15 23:21:59.287,0.77375,0.77391,1.00,1.00
2016.11.15 23:22:00.910,0.7737,0.7739,1.00,1.00
2016.11.15 23:22:00.960,0.7737,0.77388,1.00,1.00
2016.11.15 23:22:01.011,0.77366,0.77388,1.00,1.50
2016.11.15 23:22:01.213,0.77365,0.77386,1.00,1.00
2016.11.15 23:22:01.827,0.77365,0.77387,1.00,1.50
2016.11.15 23:22:02.434,0.77365,0.77386,1.00,1.00
2016.11.15 23:22:03.148,0.77365,0.77387,1.00,1.00
2016.11.15 23:22:04.000,0.77365,0.77386,1.00,1.00
2016.11.15 23:22:05.817,0.7737,0.77386,1.00,1.00
2016.11.15 23:22:08.010,0.77365,0.77386,1.00,1.50
2016.11.15 23:22:08.061,0.77365,0.77381,1.00,1.00
2016.11.15 23:22:08.162,0.77365,0.77383,1.00,1.00
2016.11.15 23:22:08.213,0.77357,0.7738,1.37,1.00
2016.11.15 23:22:08.263,0.77357,0.77377,1.37,1.00
2016.11.15 23:22:08.314,0.77355,0.77376,1.00,1.00
2016.11.15 23:22:08.516,0.7735,0.77375,1.00,2.25
2016.11.15 23:22:08.721,0.77349,0.77372,1.00,1.00
2016.11.15 23:22:09.270,0.7735,0.77372,1.00,1.00
2016.11.15 23:22:09.939,0.7735,0.77373,1.00,1.00
2016.11.15 23:22:10.260,0.77355,0.77375,1.00,1.00
2016.11.15 23:22:11.182,0.7735,0.77375,1.50,1.50
2016.11.15 23:22:11.420,0.77355,0.77376,1.00,1.87
2016.11.15 23:22:13.993,0.77351,0.77375,1.12,1.00
2016.11.15 23:22:15.895,0.77355,0.77376,1.00,1.50
2016.11.15 23:22:16.568,0.77355,0.77375,1.00,1.00
2016.11.15 23:22:16.618,0.7735,0.77375,1.50,1.50
2016.11.15 23:22:16.920,0.7735,0.77371,1.00,1.00
2016.11.15 23:22:17.022,0.77343,0.77369,1.37,1.50
2016.11.15 23:22:17.123,0.77342,0.77369,1.50,1.00
2016.11.15 23:22:20.206,0.77339,0.7737,3.00,1.00
2016.11.15 23:22:20.416,0.7734,0.77368,1.75,1.00
2016.11.15 23:22:20.617,0.7734,0.77368,1.00,2.25
2016.11.15 23:22:20.907,0.7734,0.77365,1.00,1.00
2016.11.15 23:22:21.416,0.7734,0.77366,1.00,1.00
2016.11.15 23:22:21.967,0.7734,0.77366,1.50,1.00
2016.11.15 23:22:22.486,0.77341,0.77365,1.00,1.00
2016.11.15 23:22:23.313,0.77341,0.77365,1.50,1.00
2016.11.15 23:22:23.465,0.77345,0.77369,1.00,1.50
2016.11.15 23:22:24.158,0.77345,0.77368,1.00,1.00
2016.11.15 23:22:25.859,0.77345,0.7737,1.00,1.12
2016.11.15 23:22:26.918,0.7735,0.7737,1.00,1.00
2016.11.15 23:22:27.430,0.7735,0.77371,1.00,1.50
2016.11.15 23:22:27.531,0.7735,0.77374,1.00,1.37
2016.11.15 23:22:27.933,0.7735,0.77371,1.00,1.00
2016.11.15 23:22:28.034,0.77345,0.77372,1.75,1.50
2016.11.15 23:22:28.135,0.77345,0.77371,1.00,1.12
2016.11.15 23:22:28.820,0.77345,0.77371,2.25,1.00
2016.11.15 23:22:28.921,0.77346,0.77373,1.12,1.50
2016.11.15 23:22:28.972,0.77348,0.77373,1.00,1.00
2016.11.15 23:22:29.124,0.7735,0.77378,1.00,1.50
2016.11.15 23:22:29.175,0.7735,0.77374,1.37,1.00
2016.11.15 23:22:29.477,0.77349,0.77376,1.75,1.00
2016.11.15 23:22:33.031,0.7735,0.77374,1.75,1.00
2016.11.15 23:22:34.519,0.7735,0.77374,1.00,1.00
2016.11.15 23:22:34.727,0.77348,0.77372,1.37,1.00
2016.11.15 23:22:37.418,0.77349,0.77371,1.12,1.00
2016.11.15 23:22:37.569,0.77345,0.77371,1.50,1.00
2016.11.15 23:22:37.725,0.7735,0.77371,1.00,1.00
2016.11.15 23:22:37.826,0.77345,0.77371,1.50,1.00
2016.11.15 23:22:38.088,0.7735,0.77371,1.00,1.00
2016.11.15 23:22:38.619,0.77349,0.77371,1.00,1.00
2016.11.15 23:22:39.308,0.77349,0.77372,1.00,1.00
2016.11.15 23:22:39.459,0.77346,0.77372,1.12,1.00
2016.11.15 23:22:39.509,0.7735,0.77375,1.00,1.50
2016.11.15 23:22:39.610,0.77348,0.77375,1.00,1.50
2016.11.15 23:22:39.761,0.77349,0.77373,1.50,1.00
2016.11.15 23:22:41.609,0.77349,0.77372,1.50,1.00
2016.11.15 23:22:42.123,0.77346,0.77371,1.50,1.00
2016.11.15 23:22:42.764,0.77347,0.77372,1.12,1.00
2016.11.15 23:22:43.267,0.77347,0.77371,1.12,1.00
2016.11.15 23:22:43.598,0.77347,0.77373,1.12,1.00
2016.11.15 23:22:43.811,0.77347,0.7737,1.12,1.00
2016.11.15 23:22:45.117,0.77345,0.77367,1.75,1.00
2016.11.15 23:22:45.370,0.77335,0.77362,1.75,1.00
2016.11.15 23:22:45.420,0.77333,0.7736,1.75,1.00
2016.11.15 23:22:45.723,0.77316,0.77336,2.25,1.50
2016.11.15 23:22:45.773,0.77315,0.77336,1.20,1.00
2016.11.15 23:22:45.824,0.7731,0.77336,2.25,1.00
2016.11.15 23:22:45.951,0.77312,0.77341,1.00,1.75
2016.11.15 23:22:46.002,0.77312,0.77341,1.37,1.37
2016.11.15 23:22:46.053,0.77312,0.77341,1.75,1.00
2016.11.15 23:22:46.304,0.77314,0.77343,1.50,1.12
2016.11.15 23:22:47.068,0.77315,0.77345,2.25,1.37
2016.11.15 23:22:47.169,0.77318,0.77349,1.75,2.25
2016.11.15 23:22:47.320,0.77323,0.7735,1.00,3.00
2016.11.15 23:22:47.471,0.77324,0.77352,1.00,1.50
2016.11.15 23:22:47.699,0.77324,0.77352,1.50,1.00
2016.11.15 23:22:50.137,0.77325,0.77343,1.37,1.00
2016.11.15 23:22:50.337,0.77315,0.77343,1.75,1.00
2016.11.15 23:22:50.589,0.7732,0.77343,1.00,1.00
2016.11.15 23:22:50.690,0.77315,0.77343,1.75,1.00
2016.11.15 23:22:51.523,0.77318,0.77344,1.00,1.00
2016.11.15 23:22:53.661,0.77316,0.77343,1.50,1.00
2016.11.15 23:22:53.969,0.7732,0.77343,1.00,1.00
2016.11.15 23:22:54.020,0.77321,0.77345,1.00,1.12
2016.11.15 23:22:54.121,0.77323,0.7735,1.00,1.75
2016.11.15 23:22:54.272,0.77326,0.77353,1.00,1.75
2016.11.15 23:22:54.373,0.77326,0.77353,1.12,1.00
2016.11.15 23:22:55.159,0.77326,0.77354,1.12,1.12
2016.11.15 23:22:55.764,0.77327,0.77355,1.00,1.50
2016.11.15 23:22:58.823,0.77325,0.77353,2.25,1.00
2016.11.15 23:22:59.434,0.77322,0.77351,1.75,1.00
2016.11.15 23:22:59.485,0.77322,0.7735,1.50,1.00
2016.11.15 23:22:59.636,0.77318,0.77348,1.75,1.50
2016.11.15 23:22:59.788,0.77318,0.77346,1.00,1.50
2016.11.15 23:23:00.162,0.77315,0.77346,1.37,1.87
2016.11.15 23:23:00.213,0.77315,0.77346,1.00,2.25
2016.11.15 23:23:00.264,0.7732,0.77345,1.00,1.75
2016.11.15 23:23:00.415,0.7732,0.77345,1.00,1.12
2016.11.15 23:23:03.737,0.7732,0.77341,1.00,1.00
2016.11.15 23:23:03.787,0.77314,0.77341,1.75,1.00
2016.11.15 23:23:03.838,0.77314,0.77339,1.75,1.00
2016.11.15 23:23:03.889,0.77311,0.77339,1.50,1.00
2016.11.15 23:23:03.989,0.77315,0.7734,1.00,2.62
2016.11.15 23:23:04.191,0.7731,0.7734,2.25,1.87
2016.11.15 23:23:04.393,0.7732,0.77343,1.00,1.75
2016.11.15 23:23:04.494,0.7732,0.77344,1.00,1.50
2016.11.15 23:23:04.668,0.7732,0.77345,1.00,1.50
2016.11.15 23:23:05.071,0.77325,0.77349,1.00,1.37
2016.11.15 23:23:05.122,0.77325,0.77349,1.00,1.00
2016.11.15 23:23:05.273,0.7732,0.77349,1.75,1.00
2016.11.15 23:23:05.414,0.77325,0.7735,1.00,1.87
2016.11.15 23:23:05.686,0.7732,0.77349,1.75,1.00
2016.11.15 23:23:05.737,0.7732,0.77347,1.75,1.00
2016.11.15 23:23:05.938,0.77317,0.77347,1.00,2.25
2016.11.15 23:23:06.089,0.77317,0.77343,1.00,1.00
2016.11.15 23:23:06.449,0.77315,0.77341,1.50,1.00
2016.11.15 23:23:06.967,0.77315,0.77337,1.00,1.00
2016.11.15 23:23:07.114,0.7731,0.77333,1.12,1.00
2016.11.15 23:23:07.618,0.77315,0.77335,1.00,2.25
2016.11.15 23:23:07.690,0.7731,0.77335,1.00,1.75
2016.11.15 23:23:07.841,0.7731,0.77335,1.00,1.50
2016.11.15 23:23:08.106,0.77315,0.77335,1.00,1.50
2016.11.15 23:23:08.172,0.7731,0.77335,1.00,1.50
2016.11.15 23:23:08.969,0.7731,0.77333,1.00,1.00
2016.11.15 23:23:10.577,0.77315,0.77333,1.00,1.00
2016.11.15 23:23:10.678,0.77309,0.77333,1.00,1.00
2016.11.15 23:23:11.283,0.77309,0.77335,1.00,1.50
2016.11.15 23:23:11.807,0.7731,0.77335,1.00,1.50
2016.11.15 23:23:12.418,0.7731,0.77334,1.00,1.00
2016.11.15 23:23:12.926,0.7731,0.77335,1.00,1.50
2016.11.15 23:23:13.075,0.7731,0.77335,1.00,1.87
2016.11.15 23:23:19.032,0.77309,0.77335,1.00,2.25
2016.11.15 23:23:19.815,0.7731,0.77334,1.00,1.50
2016.11.15 23:23:22.011,0.7731,0.77331,1.00,1.00
2016.11.15 23:23:22.516,0.7731,0.7733,1.00,1.12
2016.11.15 23:23:26.083,0.7731,0.77329,1.00,1.00
2016.11.15 23:23:26.133,0.77305,0.77329,1.00,1.00
2016.11.15 23:23:26.995,0.77305,0.77328,1.00,1.00
2016.11.15 23:23:29.845,0.77305,0.77327,1.00,1.00
2016.11.15 23:23:29.896,0.77305,0.77325,1.00,1.00
2016.11.15 23:23:30.819,0.77304,0.77324,1.00,1.50
2016.11.15 23:23:33.216,0.77305,0.77324,1.00,1.50
2016.11.15 23:23:34.418,0.77305,0.77323,1.00,1.00
2016.11.15 23:23:35.706,0.77305,0.77322,1.00,1.00
2016.11.15 23:23:36.008,0.773,0.77322,1.00,1.00
2016.11.15 23:23:36.319,0.77305,0.77322,1.00,1.00
2016.11.15 23:23:38.118,0.77305,0.77323,1.00,1.00
2016.11.15 23:23:40.403,0.77305,0.77322,1.00,1.00
2016.11.15 23:23:40.946,0.77305,0.77323,1.00,1.00
2016.11.15 23:23:41.486,0.77305,0.77322,1.00,1.00
2016.11.15 23:23:43.540,0.77305,0.77323,1.00,1.00
2016.11.15 23:23:48.915,0.77305,0.77322,1.00,1.00
2016.11.15 23:23:49.167,0.77292,0.77315,1.50,1.00
2016.11.15 23:23:49.316,0.77291,0.77312,1.00,1.00
2016.11.15 23:23:50.013,0.77291,0.77313,1.00,1.50
2016.11.15 23:23:50.316,0.77295,0.77313,1.00,1.00
2016.11.15 23:23:50.869,0.77295,0.77312,1.00,1.00
2016.11.15 23:23:51.385,0.77295,0.77313,1.00,1.00
2016.11.15 23:23:51.819,0.77295,0.77317,1.00,1.00
2016.11.15 23:23:51.896,0.77291,0.77317,1.00,1.00
2016.11.15 23:23:51.948,0.773,0.77319,1.00,1.50
2016.11.15 23:23:52.251,0.77305,0.77322,1.00,1.00
2016.11.15 23:23:52.453,0.77305,0.77325,1.00,1.00
2016.11.15 23:23:52.922,0.77305,0.77323,1.00,1.00
2016.11.15 23:23:53.071,0.77299,0.77324,1.00,1.00
2016.11.15 23:23:53.172,0.77305,0.77324,1.00,1.00
2016.11.15 23:23:58.366,0.773,0.77324,1.00,1.00
2016.11.15 23:24:06.154,0.773,0.77323,1.00,1.00
2016.11.15 23:24:09.559,0.77305,0.77323,1.00,1.00
2016.11.15 23:24:10.936,0.77305,0.77322,1.00,1.00
2016.11.15 23:24:11.137,0.77295,0.77313,1.00,1.00
2016.11.15 23:24:13.298,0.7729,0.77312,1.87,1.00
2016.11.15 23:24:13.853,0.77295,0.77312,1.00,1.00
2016.11.15 23:24:15.916,0.77295,0.7731,1.00,1.00
2016.11.15 23:24:22.517,0.77295,0.77311,1.00,1.00
2016.11.15 23:24:26.705,0.77295,0.77312,1.00,1.00
2016.11.15 23:24:36.267,0.77295,0.77313,1.00,1.00
2016.11.15 23:24:37.584,0.77294,0.77313,1.00,1.00
2016.11.15 23:24:37.911,0.77305,0.77327,1.00,5.17
2016.11.15 23:24:38.012,0.77303,0.77333,1.50,1.75
2016.11.15 23:24:38.163,0.77306,0.77333,1.00,1.37
2016.11.15 23:24:38.214,0.77306,0.77333,1.12,1.00
2016.11.15 23:24:38.718,0.77306,0.77335,1.12,1.50
2016.11.15 23:24:45.369,0.77305,0.77329,1.37,1.00
2016.11.15 23:24:46.166,0.77305,0.77329,1.00,1.00
2016.11.15 23:24:47.681,0.77305,0.77334,1.00,1.75
2016.11.15 23:24:49.773,0.77304,0.77336,1.00,1.75
2016.11.15 23:24:51.748,0.77303,0.77335,1.12,1.75
2016.11.15 23:24:52.068,0.77305,0.77335,1.00,1.75
2016.11.15 23:24:54.446,0.77305,0.77336,1.87,1.75
2016.11.15 23:24:54.496,0.77305,0.77336,1.87,1.50
2016.11.15 23:24:54.759,0.77308,0.77339,1.00,1.35
2016.11.15 23:24:55.011,0.77315,0.77345,1.87,1.75
2016.11.15 23:24:55.062,0.7732,0.77345,1.00,1.75
2016.11.15 23:25:01.961,0.7732,0.77345,1.00,1.37
2016.11.15 23:25:02.475,0.7732,0.77345,1.00,1.00
2016.11.15 23:25:03.087,0.77325,0.77349,1.00,1.35
2016.11.15 23:25:05.187,0.77325,0.7735,1.00,1.37
2016.11.15 23:25:05.237,0.77325,0.7735,1.00,1.00
2016.11.15 23:25:05.389,0.77326,0.77356,1.12,1.75
2016.11.15 23:25:05.442,0.77326,0.77356,1.12,1.75
2016.11.15 23:25:05.593,0.77328,0.77357,1.00,2.25
2016.11.15 23:25:05.744,0.77328,0.77357,1.50,1.87
2016.11.15 23:25:08.273,0.77328,0.77358,1.12,2.25
2016.11.15 23:25:08.488,0.77326,0.77355,1.00,1.00
2016.11.15 23:25:09.276,0.77327,0.77355,1.00,1.00
2016.11.15 23:25:09.327,0.7733,0.77355,1.00,1.00
2016.11.15 23:25:09.478,0.77331,0.7736,1.37,1.50
2016.11.15 23:25:10.236,0.77332,0.77365,1.12,4.12
2016.11.15 23:25:11.161,0.77333,0.77365,1.00,3.37
2016.11.15 23:25:13.791,0.77335,0.77365,1.00,2.62
2016.11.15 23:25:14.369,0.77334,0.77365,1.50,3.37
2016.11.15 23:25:15.112,0.77335,0.77365,1.00,1.75
2016.11.15 23:25:15.163,0.77335,0.77363,1.00,1.00
2016.11.15 23:25:32.174,0.77336,0.77363,1.00,1.00
2016.11.15 23:25:32.875,0.77336,0.77366,1.12,1.50
2016.11.15 23:25:36.348,0.77335,0.77363,1.37,1.00
2016.11.15 23:25:36.751,0.77332,0.77352,1.75,1.00
2016.11.15 23:25:36.802,0.77332,0.77352,1.37,1.00
2016.11.15 23:25:36.853,0.7733,0.77354,1.12,1.00
2016.11.15 23:25:36.994,0.77326,0.77354,1.50,1.00
2016.11.15 23:25:39.361,0.77324,0.77353,1.75,1.00
2016.11.15 23:25:39.462,0.77324,0.77353,1.00,1.50
2016.11.15 23:25:40.505,0.77325,0.77353,1.00,1.50
2016.11.15 23:25:44.847,0.77325,0.77353,1.87,1.12
2016.11.15 23:25:45.469,0.77326,0.77354,1.37,1.00
2016.11.15 23:25:48.505,0.77326,0.77355,1.37,1.12
2016.11.15 23:25:51.227,0.77327,0.7735,1.12,1.00
2016.11.15 23:25:51.328,0.77325,0.7735,1.87,1.00
2016.11.15 23:25:51.530,0.77318,0.77346,1.75,1.00
2016.11.15 23:25:51.580,0.77318,0.77346,1.50,1.00
2016.11.15 23:25:51.852,0.77316,0.77345,1.37,1.37
2016.11.15 23:25:51.955,0.77316,0.77345,1.00,1.75
2016.11.15 23:25:52.634,0.77317,0.77345,1.00,1.75
2016.11.15 23:25:53.315,0.77316,0.77345,1.00,1.75
2016.11.15 23:25:54.234,0.77317,0.77346,1.00,1.75
2016.11.15 23:25:54.396,0.77315,0.77346,1.87,1.75
2016.11.15 23:25:54.548,0.77315,0.7734,1.87,1.00
2016.11.15 23:25:54.649,0.77314,0.77343,2.25,1.12
2016.11.15 23:25:54.951,0.77324,0.77346,1.00,1.75
2016.11.15 23:25:55.102,0.77325,0.77346,1.00,1.00
2016.11.15 23:25:55.617,0.77325,0.77347,1.00,1.12
2016.11.15 23:25:56.122,0.77324,0.77346,1.00,1.00
2016.11.15 23:25:56.665,0.77325,0.77346,1.00,1.00
2016.11.15 23:25:56.766,0.77325,0.77349,1.00,1.37
2016.11.15 23:25:56.817,0.77325,0.7735,1.00,1.87
2016.11.15 23:25:57.467,0.77324,0.7735,1.50,1.12
2016.11.15 23:25:57.992,0.77324,0.7735,2.25,1.00
2016.11.15 23:26:01.315,0.77324,0.77351,1.50,1.00
2016.11.15 23:26:01.870,0.77324,0.7735,2.25,1.00
2016.11.15 23:26:05.844,0.7732,0.77348,1.75,1.00
2016.11.15 23:26:06.046,0.77317,0.77345,1.75,1.00
2016.11.15 23:26:06.147,0.77317,0.77345,1.50,1.00
2016.11.15 23:26:06.932,0.77317,0.77346,1.50,1.12
2016.11.15 23:26:08.637,0.77317,0.77345,1.50,1.00
2016.11.15 23:26:09.369,0.77317,0.77346,1.50,1.12
2016.11.15 23:26:10.871,0.77317,0.77345,1.50,1.00
2016.11.15 23:26:11.871,0.7732,0.77345,1.00,1.00
2016.11.15 23:26:12.173,0.77324,0.77345,1.00,1.00
2016.11.15 23:26:13.359,0.77325,0.77345,1.00,1.00
2016.11.15 23:26:16.577,0.77315,0.7734,1.50,1.00
2016.11.15 23:26:16.628,0.77315,0.7734,1.12,1.00
2016.11.15 23:26:16.779,0.77315,0.7734,1.00,1.37
2016.11.15 23:26:19.996,0.77315,0.77342,1.00,1.50
2016.11.15 23:26:20.047,0.77315,0.77342,1.00,1.12
2016.11.15 23:26:20.097,0.77316,0.77345,1.37,1.75
2016.11.15 23:26:20.488,0.7732,0.77345,1.00,1.50
2016.11.15 23:26:20.640,0.7732,0.77352,1.12,1.75
2016.11.15 23:26:20.691,0.77322,0.77351,1.00,1.75
2016.11.15 23:26:20.842,0.77322,0.77351,1.50,1.00
2016.11.15 23:26:21.974,0.77322,0.77352,1.50,1.12
2016.11.15 23:26:26.585,0.77323,0.7735,1.37,1.00
2016.11.15 23:26:30.604,0.77322,0.77352,1.50,1.12
2016.11.15 23:26:32.332,0.77323,0.7735,1.37,1.00
2016.11.15 23:26:35.688,0.77321,0.77352,1.75,1.12
2016.11.15 23:26:35.739,0.77321,0.7735,1.75,1.00
2016.11.15 23:26:38.260,0.77322,0.7735,1.50,1.00
2016.11.15 23:26:41.459,0.77322,0.77352,1.50,1.00
2016.11.15 23:26:45.138,0.77332,0.77357,1.00,1.75
2016.11.15 23:26:45.189,0.77332,0.77357,1.00,1.75
2016.11.15 23:26:45.240,0.7733,0.77361,1.00,2.25
2016.11.15 23:26:45.391,0.7733,0.7736,2.25,1.50
2016.11.15 23:26:45.492,0.77335,0.77358,1.00,1.00
2016.11.15 23:26:45.834,0.77335,0.77356,1.00,1.12
2016.11.15 23:26:48.646,0.77335,0.77359,1.00,1.37
2016.11.15 23:26:48.697,0.77334,0.77359,1.87,1.00
2016.11.15 23:26:48.747,0.77335,0.77363,1.37,1.12
2016.11.15 23:26:48.848,0.77335,0.77366,1.75,1.12
2016.11.15 23:27:00.771,0.77335,0.77364,1.75,1.00
2016.11.15 23:27:01.378,0.77334,0.77363,1.75,1.00
2016.11.15 23:27:01.530,0.77334,0.77363,1.50,1.12
2016.11.15 23:27:01.882,0.77336,0.77364,1.37,1.12
2016.11.15 23:27:03.655,0.77337,0.77365,1.50,1.00
2016.11.15 23:27:05.758,0.77335,0.77364,2.25,1.00
2016.11.15 23:27:07.968,0.77335,0.77365,2.25,1.00
2016.11.15 23:27:11.309,0.77335,0.77365,1.87,1.37
2016.11.15 23:27:11.410,0.77335,0.77365,1.87,1.75
2016.11.15 23:27:11.662,0.77333,0.7736,1.75,1.00
2016.11.15 23:27:11.914,0.77325,0.77354,1.50,1.12
2016.11.15 23:27:11.965,0.77321,0.77352,1.75,1.00
2016.11.15 23:27:12.217,0.77321,0.77352,1.50,1.75
2016.11.15 23:27:14.024,0.77319,0.7735,1.87,1.50
2016.11.15 23:27:14.102,0.7732,0.7735,1.00,2.25
2016.11.15 23:27:14.254,0.77315,0.77348,1.50,1.75
2016.11.15 23:27:14.304,0.77315,0.77346,1.50,1.75
2016.11.15 23:27:14.764,0.7732,0.77347,1.00,1.75
2016.11.15 23:27:14.865,0.77315,0.77345,1.75,1.37
2016.11.15 23:27:14.966,0.77318,0.77347,1.00,1.00
2016.11.15 23:27:15.017,0.7732,0.77348,1.00,1.50
2016.11.15 23:27:15.319,0.77322,0.77348,1.00,1.50
2016.11.15 23:27:21.579,0.77321,0.77348,1.00,1.00
2016.11.15 23:27:22.219,0.77322,0.77348,1.00,1.00
2016.11.15 23:27:22.320,0.77322,0.7735,1.12,1.12
2016.11.15 23:27:22.649,0.77325,0.77351,1.00,1.50
2016.11.15 23:27:23.041,0.77323,0.77351,1.00,1.50
2016.11.15 23:27:23.770,0.77322,0.77353,1.12,1.75
2016.11.15 23:27:36.846,0.77318,0.7735,1.75,1.50
2016.11.15 23:27:36.998,0.77318,0.7735,1.75,1.75
2016.11.15 23:27:39.208,0.77321,0.77351,1.00,1.75
2016.11.15 23:27:39.819,0.77322,0.77352,1.00,1.75
2016.11.15 23:27:40.143,0.7732,0.77349,1.87,1.50
2016.11.15 23:27:44.468,0.77317,0.77349,1.37,1.75
2016.11.15 23:27:44.569,0.77317,0.77349,1.12,1.75
2016.11.15 23:27:45.621,0.77318,0.7735,1.00,1.75
2016.11.15 23:27:46.219,0.77317,0.77349,1.12,1.75
2016.11.15 23:27:48.128,0.77318,0.77349,1.00,1.75
2016.11.15 23:27:51.569,0.7732,0.77349,1.00,1.75
2016.11.15 23:27:51.770,0.77317,0.77348,1.12,1.75
2016.11.15 23:27:56.170,0.77318,0.77349,1.00,1.75
2016.11.15 23:27:56.273,0.77323,0.77351,1.00,1.75
2016.11.15 23:27:56.373,0.77319,0.7735,1.75,1.50
2016.11.15 23:27:57.451,0.77319,0.77345,1.75,1.00
2016.11.15 23:27:57.743,0.77304,0.77333,1.50,1.12
2016.11.15 23:27:58.530,0.77306,0.77333,1.00,1.12
2016.11.15 23:27:59.631,0.77305,0.77332,1.87,1.00
2016.11.15 23:28:00.868,0.77305,0.7733,1.12,1.00
2016.11.15 23:28:01.884,0.77305,0.77329,1.12,1.00
2016.11.15 23:28:02.784,0.77305,0.7733,1.12,1.00
2016.11.15 23:28:02.885,0.77307,0.77338,1.00,3.90
2016.11.15 23:28:02.986,0.7731,0.77339,1.00,1.27
2016.11.15 23:28:03.037,0.77314,0.77343,1.00,2.62
2016.11.15 23:28:03.188,0.7732,0.77345,1.00,1.50
2016.11.15 23:28:03.328,0.7732,0.77348,1.00,1.50
2016.11.15 23:28:07.099,0.77319,0.77348,1.12,1.50
2016.11.15 23:28:08.021,0.7732,0.77348,1.00,1.50
2016.11.15 23:28:08.549,0.7732,0.77342,1.00,1.00
2016.11.15 23:28:08.600,0.77314,0.77342,1.75,1.00
2016.11.15 23:28:08.801,0.77312,0.77343,1.50,1.75
2016.11.15 23:28:09.999,0.77311,0.7734,1.75,1.00
2016.11.15 23:28:10.101,0.77309,0.7734,1.12,1.75
2016.11.15 23:28:10.617,0.77305,0.77337,1.12,1.75
2016.11.15 23:28:10.920,0.77307,0.77337,1.00,1.50
2016.11.15 23:28:11.272,0.77307,0.77334,1.00,1.00
2016.11.15 23:28:11.374,0.77307,0.77336,1.00,1.00
2016.11.15 23:28:11.424,0.7731,0.77336,1.00,1.00
2016.11.15 23:28:11.901,0.77307,0.77337,1.00,1.50
2016.11.15 23:28:13.212,0.7731,0.77337,1.00,1.50
2016.11.15 23:28:14.228,0.77307,0.77337,1.00,1.50
2016.11.15 23:28:14.278,0.77307,0.77334,1.00,1.00
2016.11.15 23:28:14.430,0.77305,0.77334,1.12,1.50
2016.11.15 23:28:14.733,0.7731,0.77334,1.00,1.50
2016.11.15 23:28:14.834,0.77305,0.77334,1.12,1.50
2016.11.15 23:28:16.007,0.7731,0.77333,1.00,1.12
2016.11.15 23:28:17.510,0.77305,0.77333,1.12,1.12
2016.11.15 23:28:18.171,0.773,0.7733,1.75,1.00
2016.11.15 23:28:18.323,0.773,0.77328,1.50,1.00
2016.11.15 23:28:18.423,0.77304,0.77327,1.00,1.00
2016.11.15 23:28:18.474,0.77304,0.77331,1.00,1.75
2016.11.15 23:28:18.525,0.773,0.77331,1.50,1.75
2016.11.15 23:28:18.739,0.77305,0.77331,1.00,1.75
2016.11.15 23:28:18.840,0.77305,0.77335,1.00,1.75
2016.11.15 23:28:19.419,0.77301,0.77333,1.75,1.50
2016.11.15 23:28:19.520,0.77299,0.7733,2.25,1.00
2016.11.15 23:28:19.621,0.77299,0.7733,1.75,1.50
2016.11.15 23:28:19.722,0.77299,0.77331,1.12,1.75
2016.11.15 23:28:23.267,0.773,0.77331,1.00,1.75
2016.11.15 23:28:25.238,0.773,0.77332,1.75,1.75
2016.11.15 23:28:27.109,0.77305,0.77336,1.00,4.12
2016.11.15 23:28:27.209,0.77303,0.77336,1.00,3.37
2016.11.15 23:28:27.260,0.77303,0.77336,1.75,1.75
2016.11.15 23:28:28.219,0.77305,0.77338,1.50,1.50
2016.11.15 23:28:28.310,0.77305,0.77337,1.75,1.37
2016.11.15 23:28:28.453,0.7731,0.77337,1.00,1.37
2016.11.15 23:28:29.371,0.7731,0.77339,1.50,1.12
2016.11.15 23:28:32.323,0.7731,0.77337,1.50,1.00
2016.11.15 23:28:32.540,0.77307,0.77337,1.00,1.50
2016.11.15 23:28:34.589,0.77307,0.77335,1.00,1.00
2016.11.15 23:28:37.421,0.77307,0.77336,1.00,1.00
2016.11.15 23:28:37.723,0.77309,0.77339,1.75,1.12
2016.11.15 23:28:38.813,0.77309,0.77338,1.75,1.00
2016.11.15 23:28:40.416,0.7731,0.7734,1.50,1.50
2016.11.15 23:28:41.219,0.7731,0.77338,1.50,1.00
2016.11.15 23:28:41.718,0.77314,0.77346,1.37,3.37
2016.11.15 23:28:41.769,0.77314,0.77346,1.75,1.12
2016.11.15 23:28:42.301,0.77316,0.77348,3.37,1.37
2016.11.15 23:28:42.402,0.77317,0.77351,2.25,1.50
2016.11.15 23:28:42.503,0.77326,0.77357,1.00,4.65
2016.11.15 23:28:42.553,0.77326,0.77354,1.00,1.00
2016.11.15 23:28:42.604,0.77326,0.77359,3.00,1.37
2016.11.15 23:28:42.696,0.77326,0.77359,3.37,1.00
2016.11.15 23:28:43.252,0.7733,0.7736,1.75,1.12
2016.11.15 23:28:49.061,0.77329,0.77359,1.75,1.00
2016.11.15 23:28:49.969,0.7733,0.7736,1.75,1.12
2016.11.15 23:29:04.291,0.77329,0.77355,1.75,1.00
2016.11.15 23:29:04.480,0.77329,0.77361,1.75,2.25
2016.11.15 23:29:06.521,0.7733,0.77361,4.12,1.00
2016.11.15 23:29:06.571,0.77335,0.77365,1.50,1.50
2016.11.15 23:29:13.099,0.77337,0.77365,1.00,1.50
2016.11.15 23:29:13.632,0.77336,0.77366,1.12,1.75
2016.11.15 23:29:23.073,0.77336,0.77367,1.37,1.50
2016.11.15 23:29:23.124,0.77337,0.77367,1.00,1.50
2016.11.15 23:29:31.437,0.77338,0.77367,1.00,1.50
2016.11.15 23:29:32.564,0.77337,0.77366,1.00,1.00
2016.11.15 23:29:32.766,0.7734,0.77366,1.00,1.00
2016.11.15 23:29:32.878,0.77337,0.77366,1.00,1.00
2016.11.15 23:29:33.522,0.77337,0.77365,1.50,1.00
2016.11.15 23:29:33.848,0.7734,0.77367,1.00,1.00
2016.11.15 23:29:34.050,0.77341,0.77369,1.00,1.00
2016.11.15 23:29:34.623,0.77342,0.77371,1.00,1.00
2016.11.15 23:29:35.970,0.77342,0.77372,1.37,1.37
2016.11.15 23:29:36.576,0.77342,0.77372,1.75,1.00
2016.11.15 23:29:38.445,0.77343,0.77373,1.75,1.12
2016.11.15 23:29:38.789,0.77343,0.7737,1.75,1.00
2016.11.15 23:29:39.041,0.77335,0.77366,2.02,1.00
2016.11.15 23:29:39.092,0.77335,0.77366,1.75,1.37
2016.11.15 23:29:39.142,0.77335,0.77366,1.50,1.75
2016.11.15 23:29:39.193,0.77335,0.77366,1.50,1.37
2016.11.15 23:29:39.717,0.77338,0.77366,1.00,1.00
2016.11.15 23:29:42.284,0.77338,0.77365,1.00,1.00
2016.11.15 23:29:48.405,0.77338,0.77368,1.00,1.00
2016.11.15 23:29:50.268,0.77332,0.7737,1.75,2.25
2016.11.15 23:29:50.319,0.77332,0.7737,1.75,2.25
2016.11.15 23:29:51.165,0.7734,0.77371,1.00,3.37
2016.11.15 23:29:51.216,0.7734,0.77371,1.12,1.75
2016.11.15 23:29:51.267,0.7734,0.77371,1.50,1.37
2016.11.15 23:29:51.318,0.7734,0.77371,1.75,1.12
2016.11.15 23:29:51.369,0.7735,0.77371,1.00,1.12
2016.11.15 23:29:51.823,0.7735,0.77385,2.25,4.12
2016.11.15 23:29:51.974,0.77357,0.77385,1.00,2.25
2016.11.15 23:29:52.024,0.77357,0.7739,1.87,1.75
2016.11.15 23:29:52.075,0.77358,0.77392,2.62,2.25
2016.11.15 23:29:52.126,0.77359,0.77395,2.62,1.75
2016.11.15 23:29:52.176,0.77359,0.77391,2.62,1.37
2016.11.15 23:29:52.227,0.77354,0.77391,4.12,1.75
2016.11.15 23:29:53.568,0.77358,0.77389,2.62,1.37
2016.11.15 23:29:53.720,0.77351,0.77388,1.75,3.37
2016.11.15 23:29:53.971,0.77348,0.7738,2.62,1.00
2016.11.15 23:29:54.072,0.7735,0.77385,1.75,1.75
2016.11.15 23:29:54.408,0.7735,0.77385,1.50,2.25
2016.11.15 23:29:54.913,0.77347,0.7738,1.75,1.00
2016.11.15 23:29:55.819,0.7735,0.77385,1.50,2.25
2016.11.15 23:29:57.911,0.77355,0.77387,1.00,2.62
2016.11.15 23:29:58.012,0.77356,0.7739,1.00,2.25
2016.11.15 23:29:58.080,0.7736,0.7739,1.00,1.75
2016.11.15 23:29:58.131,0.7736,0.77393,1.00,3.37
2016.11.15 23:29:58.232,0.7736,0.77395,1.50,2.25
2016.11.15 23:29:58.283,0.7736,0.77395,1.75,2.25
2016.11.15 23:29:58.333,0.7736,0.77395,1.75,2.25
2016.11.15 23:29:58.836,0.77361,0.774,2.62,1.75
2016.11.15 23:29:59.138,0.7736,0.77395,2.25,1.50
2016.11.15 23:29:59.467,0.7736,0.77391,1.75,1.00
2016.11.15 23:30:00.276,0.7736,0.7739,2.25,1.00
2016.11.15 23:30:00.616,0.77365,0.77395,1.00,1.75
2016.11.15 23:30:00.977,0.7736,0.7739,2.25,1.00
2016.11.15 23:30:01.731,0.77365,0.77395,1.00,1.75
2016.11.15 23:30:04.598,0.77365,0.77395,1.37,1.37
2016.11.15 23:30:04.691,0.77365,0.774,1.75,1.75
2016.11.15 23:30:09.493,0.77365,0.77395,1.75,1.00
2016.11.15 23:30:09.694,0.77363,0.7739,1.75,1.00
2016.11.15 23:30:09.846,0.77361,0.7739,1.50,1.00
2016.11.15 23:30:10.047,0.7736,0.7739,1.50,1.50
2016.11.15 23:30:17.728,0.7736,0.77388,1.00,1.00
2016.11.15 23:30:17.930,0.77359,0.77385,1.12,1.00
2016.11.15 23:30:18.945,0.77357,0.77386,1.75,1.00
2016.11.15 23:30:19.008,0.7736,0.77388,1.00,1.00
2016.11.15 23:30:19.209,0.77356,0.77385,1.75,1.00
2016.11.15 23:30:19.260,0.77356,0.77385,1.12,1.12
2016.11.15 23:30:19.562,0.77357,0.77385,1.50,1.00
2016.11.15 23:30:19.813,0.77359,0.77389,1.00,1.50
2016.11.15 23:30:20.032,0.77356,0.77385,1.75,1.00
2016.11.15 23:30:20.385,0.77355,0.77385,1.87,1.12
2016.11.15 23:30:21.413,0.77357,0.77385,1.00,1.12
2016.11.15 23:30:21.514,0.7736,0.77389,1.00,1.50
2016.11.15 23:30:21.816,0.77365,0.77393,1.00,1.75
2016.11.15 23:30:21.867,0.77365,0.77393,1.00,1.12
2016.11.15 23:30:21.918,0.77361,0.7739,1.75,1.00
2016.11.15 23:30:22.013,0.77365,0.77393,1.00,1.12
2016.11.15 23:30:22.114,0.77361,0.7739,1.75,1.00
2016.11.15 23:30:22.418,0.77364,0.77395,1.00,1.75
2016.11.15 23:30:22.641,0.77361,0.7739,1.75,1.00
2016.11.15 23:30:22.742,0.77365,0.77394,1.00,1.50
2016.11.15 23:30:23.119,0.77361,0.7739,1.75,1.00
2016.11.15 23:30:23.316,0.77365,0.77394,1.00,1.50
2016.11.15 23:30:23.460,0.77361,0.7739,1.75,1.00
2016.11.15 23:30:23.636,0.77365,0.77394,1.00,1.50
2016.11.15 23:30:25.967,0.77365,0.77395,1.75,1.50
2016.11.15 23:30:26.269,0.77363,0.7739,1.75,1.00
2016.11.15 23:30:26.370,0.77365,0.77395,1.75,1.00
2016.11.15 23:30:26.944,0.77363,0.77394,1.75,1.00
2016.11.15 23:30:27.291,0.77363,0.77394,1.37,1.12
2016.11.15 23:30:29.329,0.77365,0.77394,1.00,1.12
2016.11.15 23:30:29.879,0.77363,0.77394,1.37,1.12
2016.11.15 23:30:30.561,0.77365,0.77394,1.00,1.12
2016.11.15 23:30:30.830,0.77363,0.7739,1.37,1.00
