2017.09.18 17:00:00.221,0.80975,0.80985,1.19,1.00
2017.09.18 17:00:00.787,0.80975,0.80986,1.12,1.69
2017.09.18 17:00:01.244,0.80974,0.80984,2.06,1.00
2017.09.18 17:00:01.479,0.80973,0.80984,1.00,1.00
2017.09.18 17:00:01.984,0.80971,0.80983,2.62,1.69
2017.09.18 17:00:02.206,0.8097,0.80981,2.00,1.50
2017.09.18 17:00:02.410,0.80968,0.80979,1.69,1.50
2017.09.18 17:00:03.029,0.80968,0.80978,1.00,1.12
2017.09.18 17:00:03.561,0.80968,0.80976,1.00,1.00
2017.09.18 17:00:03.662,0.80968,0.80978,1.00,1.31
2017.09.18 17:00:03.916,0.80966,0.80977,1.69,1.12
2017.09.18 17:00:04.325,0.80967,0.80979,1.69,2.25
2017.09.18 17:00:04.629,0.80965,0.80977,2.25,1.12
2017.09.18 17:00:05.966,0.80965,0.80977,2.06,2.06
2017.09.18 17:00:06.561,0.80965,0.80977,1.87,2.06
2017.09.18 17:00:06.864,0.80968,0.80979,1.00,2.44
2017.09.18 17:00:07.165,0.8097,0.80979,1.00,1.00
2017.09.18 17:00:08.045,0.8097,0.80981,1.00,2.44
2017.09.18 17:00:08.350,0.8097,0.80978,1.12,1.25
2017.09.18 17:00:08.892,0.80969,0.8098,1.50,2.62
2017.09.18 17:00:09.107,0.80967,0.80978,1.00,2.06
2017.09.18 17:00:09.158,0.80967,0.80976,1.00,1.25
2017.09.18 17:00:10.627,0.80964,0.80976,2.62,1.69
2017.09.18 17:00:11.294,0.80967,0.80978,1.69,1.25
2017.09.18 17:00:12.503,0.80967,0.80977,1.00,1.25
2017.09.18 17:00:13.115,0.80965,0.80976,2.62,1.00
2017.09.18 17:00:13.658,0.80965,0.80975,1.50,1.00
2017.09.18 17:00:14.575,0.80965,0.80974,1.50,1.00
2017.09.18 17:00:14.676,0.80962,0.80974,2.81,1.69
2017.09.18 17:00:15.136,0.80962,0.80972,1.31,1.00
2017.09.18 17:00:15.647,0.80962,0.80972,1.31,1.00
2017.09.18 17:00:17.288,0.80964,0.80972,1.00,1.00
2017.09.18 17:00:18.037,0.80963,0.80972,1.12,1.00
2017.09.18 17:00:18.629,0.80962,0.80972,1.12,1.00
2017.09.18 17:00:19.144,0.80961,0.80972,1.69,1.25
2017.09.18 17:00:19.487,0.80963,0.80974,1.62,1.12
2017.09.18 17:00:19.779,0.80966,0.80976,1.00,1.25
2017.09.18 17:00:20.324,0.80966,0.80977,1.50,1.25
2017.09.18 17:00:22.428,0.80966,0.80976,1.00,1.00
2017.09.18 17:00:22.580,0.80964,0.80975,1.31,1.69
2017.09.18 17:00:22.883,0.8096,0.80971,3.00,1.69
2017.09.18 17:00:23.234,0.80956,0.80966,2.19,1.00
2017.09.18 17:00:23.286,0.80956,0.80966,1.44,1.00
2017.09.18 17:00:23.834,0.80961,0.8097,1.25,1.75
2017.09.18 17:00:23.885,0.80962,0.80972,1.00,2.44
2017.09.18 17:00:23.987,0.80962,0.80973,1.00,1.69
2017.09.18 17:00:24.139,0.8096,0.80964,1.00,1.00
2017.09.18 17:00:24.190,0.80954,0.80964,1.44,1.00
2017.09.18 17:00:24.825,0.80957,0.80967,1.00,2.00
2017.09.18 17:00:24.977,0.80956,0.80967,2.06,1.00
2017.09.18 17:00:27.153,0.80956,0.80966,1.12,1.00
2017.09.18 17:00:27.683,0.80954,0.80966,1.87,1.69
2017.09.18 17:00:27.937,0.80958,0.80967,1.00,1.31
2017.09.18 17:00:28.456,0.80956,0.80967,1.69,1.25
2017.09.18 17:00:28.961,0.80958,0.80969,1.00,2.44
2017.09.18 17:00:29.638,0.80959,0.80969,1.00,1.00
2017.09.18 17:00:29.790,0.8096,0.80972,2.06,1.87
2017.09.18 17:00:30.314,0.8096,0.80972,2.06,1.69
2017.09.18 17:00:30.824,0.8096,0.80971,1.12,1.25
2017.09.18 17:00:32.747,0.80962,0.80972,1.00,1.25
2017.09.18 17:00:32.798,0.8096,0.80971,2.25,1.25
2017.09.18 17:00:33.420,0.8096,0.80972,2.44,1.69
2017.09.18 17:00:33.471,0.80963,0.80974,1.69,1.50
2017.09.18 17:00:33.573,0.8096,0.80971,3.56,1.25
2017.09.18 17:00:33.624,0.8096,0.80971,2.44,1.25
2017.09.18 17:00:33.726,0.8096,0.80971,1.31,1.25
2017.09.18 17:00:34.450,0.8096,0.8097,1.12,1.00
2017.09.18 17:00:36.707,0.8096,0.80972,2.06,1.69
2017.09.18 17:00:36.758,0.80964,0.80971,1.00,1.00
2017.09.18 17:00:36.994,0.80964,0.80974,1.00,1.25
2017.09.18 17:00:37.247,0.8096,0.80972,3.19,1.69
2017.09.18 17:00:37.298,0.8096,0.80972,1.31,1.69
2017.09.18 17:00:37.864,0.8096,0.80972,1.31,1.69
2017.09.18 17:00:41.425,0.8096,0.80971,1.12,1.25
2017.09.18 17:00:41.648,0.80963,0.80972,1.00,1.69
2017.09.18 17:00:41.750,0.80961,0.80971,1.00,1.25
2017.09.18 17:00:43.266,0.80958,0.80969,2.25,1.69
2017.09.18 17:00:43.773,0.80959,0.80969,1.00,1.00
2017.09.18 17:00:44.301,0.80958,0.80969,1.25,2.25
2017.09.18 17:00:46.370,0.80959,0.80969,1.00,1.25
2017.09.18 17:00:47.996,0.80958,0.80969,1.25,1.69
2017.09.18 17:00:49.725,0.80961,0.80971,1.00,1.19
2017.09.18 17:00:50.259,0.80959,0.80969,1.50,1.00
2017.09.18 17:00:50.760,0.80957,0.80968,2.44,1.00
2017.09.18 17:00:50.811,0.80957,0.80968,1.69,1.00
2017.09.18 17:00:51.876,0.80957,0.80969,1.25,1.69
2017.09.18 17:00:52.084,0.80959,0.80969,1.00,1.25
2017.09.18 17:00:52.639,0.80959,0.80968,1.00,1.00
2017.09.18 17:00:52.814,0.80959,0.8097,1.87,2.81
2017.09.18 17:00:52.865,0.80964,0.80973,1.25,1.50
2017.09.18 17:00:52.916,0.80966,0.80975,1.12,2.25
2017.09.18 17:00:53.244,0.80962,0.80973,1.12,2.62
2017.09.18 17:00:53.749,0.80962,0.80972,1.25,1.00
2017.09.18 17:00:53.851,0.8096,0.80971,1.12,1.69
2017.09.18 17:00:56.669,0.8096,0.80969,1.12,1.00
2017.09.18 17:00:57.187,0.80961,0.80971,1.00,2.44
2017.09.18 17:00:57.760,0.80961,0.80971,1.00,1.25
2017.09.18 17:00:59.340,0.80961,0.80972,1.00,1.87
2017.09.18 17:00:59.856,0.80961,0.80971,1.00,1.25
2017.09.18 17:01:00.375,0.80961,0.80972,1.00,1.69
2017.09.18 17:01:00.905,0.80961,0.80971,1.00,1.00
2017.09.18 17:01:01.209,0.80963,0.80974,1.69,1.50
2017.09.18 17:01:01.361,0.80963,0.80975,1.69,2.44
2017.09.18 17:01:02.494,0.80963,0.80974,1.25,1.00
2017.09.18 17:01:02.596,0.80961,0.80972,1.87,1.69
2017.09.18 17:01:02.799,0.8096,0.80972,2.06,1.69
2017.09.18 17:01:03.184,0.80962,0.80972,1.25,1.00
2017.09.18 17:01:03.879,0.8096,0.80972,2.06,1.69
2017.09.18 17:01:04.399,0.80961,0.80972,1.00,1.69
2017.09.18 17:01:05.246,0.8096,0.80971,1.25,1.25
2017.09.18 17:01:06.551,0.80958,0.80969,3.37,1.00
2017.09.18 17:01:07.149,0.80958,0.80969,1.87,1.00
2017.09.18 17:01:07.682,0.80958,0.80969,1.69,1.25
2017.09.18 17:01:08.372,0.80958,0.80969,2.06,1.00
2017.09.18 17:01:08.863,0.80962,0.80969,1.00,1.25
2017.09.18 17:01:09.601,0.80962,0.80971,1.00,1.25
2017.09.18 17:01:10.127,0.80963,0.80973,1.00,2.06
2017.09.18 17:01:10.900,0.80962,0.80972,1.50,1.12
2017.09.18 17:01:11.052,0.80962,0.8097,1.00,1.25
2017.09.18 17:01:12.798,0.80959,0.80968,1.75,1.25
2017.09.18 17:01:12.900,0.80959,0.8097,1.75,1.12
2017.09.18 17:01:13.437,0.80962,0.8097,1.00,1.12
2017.09.18 17:01:13.959,0.80959,0.80968,1.37,1.25
2017.09.18 17:01:14.011,0.80959,0.80968,1.00,1.25
2017.09.18 17:01:14.062,0.80961,0.80968,1.00,1.25
2017.09.18 17:01:14.712,0.80961,0.80969,1.00,1.25
2017.09.18 17:01:15.651,0.80961,0.8097,1.00,1.25
2017.09.18 17:01:17.474,0.80961,0.80972,1.00,2.62
2017.09.18 17:01:18.916,0.80961,0.8097,1.00,1.25
2017.09.18 17:01:19.204,0.80958,0.80969,1.12,1.25
2017.09.18 17:01:20.518,0.80958,0.80968,1.12,1.12
2017.09.18 17:01:21.775,0.8096,0.8097,1.87,1.00
2017.09.18 17:01:21.978,0.80965,0.80976,1.00,1.00
2017.09.18 17:01:22.185,0.80967,0.80979,1.50,1.25
2017.09.18 17:01:22.236,0.80969,0.80979,1.00,1.25
2017.09.18 17:01:22.592,0.80969,0.80979,1.75,1.00
2017.09.18 17:01:22.693,0.80969,0.8098,1.12,1.00
2017.09.18 17:01:22.845,0.8097,0.80982,1.50,1.00
2017.09.18 17:01:22.896,0.80973,0.80983,1.00,1.87
2017.09.18 17:01:23.368,0.80969,0.80981,4.87,1.00
2017.09.18 17:01:23.520,0.80967,0.80979,1.75,1.69
2017.09.18 17:01:23.621,0.80967,0.80979,1.00,2.06
2017.09.18 17:01:24.137,0.80967,0.80979,1.00,1.00
2017.09.18 17:01:24.620,0.8097,0.8098,1.00,1.12
2017.09.18 17:01:25.190,0.8097,0.80981,2.81,1.00
2017.09.18 17:01:25.545,0.80972,0.80981,1.00,1.19
2017.09.18 17:01:26.529,0.80972,0.80981,1.00,1.25
2017.09.18 17:01:26.877,0.8097,0.8098,1.12,1.44
2017.09.18 17:01:27.231,0.80972,0.80982,1.00,2.06
2017.09.18 17:01:27.648,0.80974,0.80984,1.00,1.69
2017.09.18 17:01:28.205,0.80974,0.80982,1.00,1.00
2017.09.18 17:01:28.409,0.8097,0.80981,1.00,1.87
2017.09.18 17:01:28.951,0.8097,0.8098,1.00,1.12
2017.09.18 17:01:29.498,0.8097,0.80981,1.00,2.44
2017.09.18 17:01:30.336,0.8097,0.80981,1.00,2.81
2017.09.18 17:01:31.006,0.8097,0.80979,1.00,1.25
2017.09.18 17:01:32.878,0.8097,0.8098,1.00,1.12
2017.09.18 17:01:33.488,0.80967,0.80979,2.62,1.87
2017.09.18 17:01:33.721,0.80967,0.80978,1.69,1.00
2017.09.18 17:01:35.124,0.80969,0.80978,1.00,1.00
2017.09.18 17:01:35.176,0.80969,0.8098,1.00,1.50
2017.09.18 17:01:35.376,0.80969,0.80978,1.12,1.00
2017.09.18 17:01:35.988,0.80971,0.8098,1.00,1.25
2017.09.18 17:01:36.973,0.80971,0.80981,1.00,1.12
2017.09.18 17:01:37.277,0.80969,0.80979,1.12,1.44
2017.09.18 17:01:37.552,0.80967,0.80979,1.50,1.87
2017.09.18 17:01:39.751,0.80966,0.80978,1.87,1.00
2017.09.18 17:01:41.240,0.80969,0.8098,1.69,1.50
2017.09.18 17:01:41.543,0.80971,0.8098,1.00,1.44
2017.09.18 17:01:42.554,0.80971,0.80981,1.00,1.87
2017.09.18 17:01:45.159,0.80971,0.80981,1.00,2.06
2017.09.18 17:01:47.572,0.80971,0.80981,1.00,1.87
2017.09.18 17:01:48.187,0.80971,0.80981,1.00,2.06
2017.09.18 17:01:48.635,0.80968,0.8098,1.69,1.87
2017.09.18 17:01:49.253,0.80968,0.80979,1.69,1.25
2017.09.18 17:01:52.910,0.80969,0.8098,1.25,1.87
2017.09.18 17:01:52.961,0.80971,0.8098,1.00,1.25
2017.09.18 17:01:54.481,0.80969,0.8098,1.69,1.25
2017.09.18 17:01:54.583,0.80968,0.80979,1.69,1.25
2017.09.18 17:01:54.819,0.8097,0.8098,1.25,1.50
2017.09.18 17:01:55.366,0.80969,0.80981,1.69,2.44
2017.09.18 17:01:55.949,0.8097,0.8098,1.00,1.12
2017.09.18 17:01:56.480,0.80969,0.8098,1.69,1.00
2017.09.18 17:01:58.816,0.80971,0.80981,1.00,1.31
2017.09.18 17:01:59.119,0.80972,0.80983,1.50,1.87
2017.09.18 17:02:00.434,0.80974,0.80983,1.00,1.12
2017.09.18 17:02:00.987,0.80974,0.80985,1.12,2.62
2017.09.18 17:02:01.602,0.80974,0.80984,1.12,1.12
2017.09.18 17:02:02.639,0.80971,0.8098,1.75,1.25
2017.09.18 17:02:02.691,0.8097,0.8098,2.25,1.25
2017.09.18 17:02:03.259,0.8097,0.80981,1.00,2.44
2017.09.18 17:02:03.797,0.8097,0.8098,1.00,1.25
2017.09.18 17:02:08.263,0.8097,0.80979,1.00,1.00
2017.09.18 17:02:08.364,0.80968,0.80978,1.87,1.00
2017.09.18 17:02:08.909,0.80968,0.80977,1.12,1.25
2017.09.18 17:02:09.010,0.80968,0.80979,1.31,1.25
2017.09.18 17:02:09.061,0.8097,0.80979,1.00,1.25
2017.09.18 17:02:09.611,0.8097,0.8098,1.00,1.25
2017.09.18 17:02:10.544,0.8097,0.80981,1.00,1.87
2017.09.18 17:02:11.270,0.8097,0.80981,1.00,2.06
2017.09.18 17:02:12.061,0.8097,0.80981,1.00,1.69
2017.09.18 17:02:12.731,0.8097,0.8098,1.00,1.25
2017.09.18 17:02:13.433,0.8097,0.80981,1.00,1.69
2017.09.18 17:02:14.052,0.8097,0.80981,3.19,1.25
2017.09.18 17:02:14.628,0.8097,0.80981,1.50,2.25
2017.09.18 17:02:18.538,0.80971,0.80981,1.00,1.12
2017.09.18 17:02:19.476,0.80972,0.80982,1.12,1.00
2017.09.18 17:02:19.577,0.80969,0.80981,4.12,1.50
2017.09.18 17:02:19.780,0.80968,0.80978,1.75,1.00
2017.09.18 17:02:19.881,0.80968,0.80979,2.62,1.00
2017.09.18 17:02:20.084,0.8097,0.80981,1.00,2.44
2017.09.18 17:02:20.605,0.8097,0.80981,2.06,1.00
2017.09.18 17:02:23.012,0.8097,0.8098,1.87,1.00
2017.09.18 17:02:23.643,0.8097,0.80981,1.12,1.87
2017.09.18 17:02:23.947,0.80974,0.80983,1.25,1.12
2017.09.18 17:02:24.273,0.8097,0.8098,1.75,1.25
2017.09.18 17:02:24.325,0.8097,0.8098,1.00,1.25
2017.09.18 17:02:25.649,0.80971,0.80982,1.50,3.00
2017.09.18 17:02:26.155,0.80972,0.80983,1.00,1.69
2017.09.18 17:02:27.468,0.80971,0.80981,1.50,1.00
2017.09.18 17:02:27.983,0.80971,0.80982,1.00,2.81
2017.09.18 17:02:29.961,0.80971,0.80982,1.69,1.87
2017.09.18 17:02:30.505,0.8097,0.80981,1.00,1.00
2017.09.18 17:02:30.935,0.80971,0.80983,1.00,2.62
2017.09.18 17:02:31.441,0.80972,0.80983,1.50,2.25
2017.09.18 17:02:31.762,0.80975,0.80983,1.00,1.87
2017.09.18 17:02:32.015,0.80975,0.80985,1.00,1.25
2017.09.18 17:02:33.185,0.80975,0.80986,1.50,1.69
2017.09.18 17:02:36.396,0.80975,0.80985,1.00,1.25
2017.09.18 17:02:38.004,0.80975,0.80985,1.50,1.69
2017.09.18 17:02:38.510,0.80975,0.80985,1.00,1.25
2017.09.18 17:02:40.449,0.80973,0.80985,1.50,2.62
2017.09.18 17:02:41.052,0.80973,0.80984,1.50,1.87
2017.09.18 17:02:44.309,0.80971,0.80983,2.25,2.62
2017.09.18 17:02:44.360,0.80971,0.80983,1.50,2.62
2017.09.18 17:02:45.062,0.80971,0.80982,1.69,1.44
2017.09.18 17:02:45.663,0.80971,0.80982,1.69,1.12
2017.09.18 17:02:46.216,0.80971,0.80982,1.69,1.44
2017.09.18 17:02:47.509,0.80971,0.80982,1.69,1.25
2017.09.18 17:02:48.409,0.8097,0.80979,1.87,1.12
2017.09.18 17:02:49.418,0.80968,0.80979,1.69,1.69
2017.09.18 17:02:49.968,0.80972,0.80982,1.00,1.94
2017.09.18 17:02:50.178,0.80972,0.80983,1.00,2.62
2017.09.18 17:02:50.548,0.8097,0.8098,1.12,1.69
2017.09.18 17:02:51.112,0.8097,0.80979,1.12,1.00
2017.09.18 17:02:51.621,0.80968,0.80979,1.69,1.69
2017.09.18 17:02:52.453,0.80968,0.80979,1.69,2.62
2017.09.18 17:02:52.868,0.8097,0.80979,1.25,1.50
2017.09.18 17:02:53.385,0.8097,0.8098,1.00,2.25
2017.09.18 17:02:54.082,0.80969,0.8098,1.25,2.25
2017.09.18 17:02:54.628,0.80968,0.8098,2.44,3.00
2017.09.18 17:02:54.970,0.8097,0.8098,1.00,1.31
2017.09.18 17:02:56.119,0.80965,0.80975,2.25,1.69
2017.09.18 17:02:56.322,0.80965,0.80976,1.87,2.06
2017.09.18 17:02:56.978,0.80965,0.80975,1.00,1.25
2017.09.18 17:02:57.510,0.80963,0.80974,2.85,1.50
2017.09.18 17:02:58.027,0.80963,0.80973,1.00,1.69
2017.09.18 17:02:58.775,0.80964,0.80974,1.00,1.12
2017.09.18 17:02:59.288,0.80964,0.80973,1.00,1.00
2017.09.18 17:03:00.032,0.80964,0.80974,1.00,1.69
2017.09.18 17:03:00.588,0.80964,0.80973,1.00,1.00
2017.09.18 17:03:01.600,0.80964,0.80974,1.00,1.87
2017.09.18 17:03:02.870,0.80967,0.80974,1.00,1.00
2017.09.18 17:03:03.142,0.80967,0.80976,1.00,1.69
2017.09.18 17:03:03.752,0.80967,0.80975,1.00,1.00
2017.09.18 17:03:04.156,0.80967,0.80978,1.69,3.19
2017.09.18 17:03:04.207,0.80969,0.80978,1.50,1.00
2017.09.18 17:03:04.663,0.80967,0.80977,1.00,1.87
2017.09.18 17:03:04.714,0.80967,0.80975,1.00,1.00
2017.09.18 17:03:05.216,0.80965,0.80975,1.50,1.50
2017.09.18 17:03:09.133,0.80967,0.80977,1.00,1.87
2017.09.18 17:03:09.666,0.80965,0.80975,2.25,1.25
2017.09.18 17:03:14.151,0.80967,0.80976,1.00,1.44
2017.09.18 17:03:14.655,0.80965,0.80975,2.25,1.62
2017.09.18 17:03:15.190,0.80966,0.80975,1.12,1.00
2017.09.18 17:03:15.464,0.80968,0.80979,1.00,1.25
2017.09.18 17:03:15.819,0.80966,0.80976,2.44,1.00
2017.09.18 17:03:15.971,0.80965,0.80976,1.50,1.69
2017.09.18 17:03:17.399,0.80968,0.80976,1.00,1.00
2017.09.18 17:03:17.564,0.80969,0.80979,1.25,1.00
2017.09.18 17:03:18.225,0.80969,0.8098,1.25,2.44
2017.09.18 17:03:18.764,0.8097,0.8098,1.50,1.25
2017.09.18 17:03:18.916,0.80968,0.80979,1.69,1.50
2017.09.18 17:03:18.967,0.8097,0.8098,1.00,1.25
2017.09.18 17:03:19.270,0.80968,0.80978,1.00,1.00
2017.09.18 17:03:19.772,0.80969,0.80979,1.00,1.00
2017.09.18 17:03:20.412,0.80968,0.80979,1.69,1.50
2017.09.18 17:03:20.804,0.80967,0.80977,1.12,1.00
2017.09.18 17:03:21.147,0.80966,0.80975,1.00,1.00
2017.09.18 17:03:21.701,0.80966,0.80976,1.00,1.12
2017.09.18 17:03:22.865,0.80971,0.80979,1.00,1.50
2017.09.18 17:03:22.967,0.80971,0.8098,1.00,1.00
2017.09.18 17:03:23.891,0.80972,0.8098,1.25,1.00
2017.09.18 17:03:24.123,0.80972,0.80982,1.25,1.25
2017.09.18 17:03:24.174,0.80972,0.8098,1.25,1.00
2017.09.18 17:03:24.505,0.80969,0.80978,1.00,1.25
2017.09.18 17:03:24.758,0.80966,0.80977,1.50,1.69
2017.09.18 17:03:24.809,0.80968,0.80977,1.00,1.25
2017.09.18 17:03:25.267,0.80971,0.80979,1.00,1.50
2017.09.18 17:03:25.318,0.80969,0.80979,1.69,1.50
2017.09.18 17:03:25.368,0.80971,0.80979,1.00,1.50
2017.09.18 17:03:26.337,0.80971,0.80979,1.00,1.00
2017.09.18 17:03:26.592,0.80969,0.80979,1.69,1.00
2017.09.18 17:03:28.580,0.8097,0.80979,1.00,1.00
2017.09.18 17:03:29.041,0.80968,0.80979,2.81,1.00
2017.09.18 17:03:29.593,0.80968,0.80979,1.87,1.87
2017.09.18 17:03:30.090,0.80966,0.80976,2.25,1.25
2017.09.18 17:03:30.191,0.80964,0.80975,3.00,1.69
2017.09.18 17:03:37.175,0.80966,0.80975,1.00,1.00
2017.09.18 17:03:37.226,0.80966,0.80977,2.44,2.25
2017.09.18 17:03:39.817,0.80966,0.80978,1.50,2.62
2017.09.18 17:03:41.914,0.80966,0.80977,1.50,1.00
2017.09.18 17:03:42.432,0.80965,0.80976,1.12,2.06
2017.09.18 17:03:42.950,0.80966,0.80976,1.00,1.87
2017.09.18 17:03:43.580,0.80964,0.80976,2.44,2.25
2017.09.18 17:03:43.798,0.80966,0.80977,1.50,2.44
2017.09.18 17:03:44.356,0.80966,0.80976,1.50,1.00
2017.09.18 17:03:45.114,0.80966,0.80977,1.00,2.62
2017.09.18 17:03:45.164,0.80964,0.80975,3.19,1.00
2017.09.18 17:03:49.042,0.80964,0.80974,1.50,1.00
2017.09.18 17:03:50.929,0.80964,0.80974,1.00,1.50
2017.09.18 17:03:52.965,0.80964,0.80975,1.50,1.31
2017.09.18 17:03:53.848,0.80966,0.80975,1.00,1.12
2017.09.18 17:03:54.102,0.80966,0.80977,1.25,1.50
2017.09.18 17:03:54.853,0.80965,0.80977,2.44,2.62
2017.09.18 17:03:55.403,0.80965,0.80976,1.00,1.25
2017.09.18 17:03:55.656,0.80965,0.80974,1.00,1.25
2017.09.18 17:03:59.590,0.80965,0.80973,1.00,1.00
2017.09.18 17:04:00.236,0.80963,0.80974,1.50,1.25
2017.09.18 17:04:01.229,0.80963,0.80973,1.50,1.00
2017.09.18 17:04:01.730,0.80963,0.80974,1.50,1.25
2017.09.18 17:04:04.367,0.80965,0.80975,1.00,1.69
2017.09.18 17:04:04.721,0.80967,0.80977,1.00,1.25
2017.09.18 17:04:05.258,0.80967,0.80976,1.00,1.00
2017.09.18 17:04:05.309,0.80967,0.80978,1.00,3.19
2017.09.18 17:04:05.846,0.80967,0.80977,1.00,1.25
2017.09.18 17:04:06.023,0.80971,0.80978,1.00,1.12
2017.09.18 17:04:06.176,0.8097,0.80981,1.50,2.06
2017.09.18 17:04:06.278,0.80968,0.80979,2.06,1.00
2017.09.18 17:04:06.511,0.80965,0.80976,1.50,1.00
2017.09.18 17:04:10.904,0.80967,0.80976,1.00,1.25
2017.09.18 17:04:12.427,0.80967,0.80977,1.00,1.50
2017.09.18 17:04:15.304,0.80967,0.80979,2.06,3.19
2017.09.18 17:04:15.523,0.80969,0.80979,1.00,1.25
2017.09.18 17:04:16.609,0.8097,0.80978,1.00,1.00
2017.09.18 17:04:16.894,0.8097,0.8098,1.00,1.31
2017.09.18 17:04:18.230,0.80969,0.8098,1.00,2.06
2017.09.18 17:04:19.102,0.80969,0.80978,1.00,1.00
2017.09.18 17:04:19.852,0.80969,0.80979,1.00,1.25
2017.09.18 17:04:20.403,0.80968,0.80978,1.31,1.00
2017.09.18 17:04:22.852,0.80972,0.8098,1.00,1.00
2017.09.18 17:04:23.105,0.80975,0.80985,1.00,1.69
2017.09.18 17:04:23.617,0.80974,0.80984,1.31,1.00
2017.09.18 17:04:24.173,0.80974,0.80985,1.31,2.44
2017.09.18 17:04:24.680,0.80974,0.80984,1.25,1.00
2017.09.18 17:04:25.065,0.80971,0.80982,2.00,1.00
2017.09.18 17:04:25.116,0.80971,0.80982,1.31,1.50
2017.09.18 17:04:25.630,0.8097,0.80981,1.12,1.00
2017.09.18 17:04:27.053,0.8097,0.80982,2.62,2.06
2017.09.18 17:04:27.631,0.80971,0.80982,1.69,2.06
2017.09.18 17:04:27.902,0.8097,0.8098,1.25,1.50
2017.09.18 17:04:28.419,0.80971,0.8098,1.00,1.25
2017.09.18 17:04:30.938,0.80971,0.80981,1.00,1.12
2017.09.18 17:04:31.194,0.80969,0.8098,1.12,2.81
2017.09.18 17:04:34.293,0.80969,0.80979,1.12,1.25
2017.09.18 17:04:37.253,0.80969,0.80979,1.12,1.87
2017.09.18 17:04:37.984,0.80969,0.80979,1.12,1.87
2017.09.18 17:04:38.529,0.8097,0.80979,1.00,1.00
2017.09.18 17:04:39.405,0.8097,0.80978,1.00,1.25
2017.09.18 17:04:42.767,0.80969,0.80978,1.00,1.00
2017.09.18 17:04:43.326,0.80969,0.80979,1.50,1.00
2017.09.18 17:04:43.832,0.80969,0.80978,1.00,1.25
2017.09.18 17:04:44.458,0.80969,0.80977,1.00,1.00
2017.09.18 17:04:44.962,0.80966,0.80977,1.75,1.87
2017.09.18 17:04:45.013,0.80965,0.80975,1.75,1.00
2017.09.18 17:04:45.064,0.80965,0.80975,1.12,1.50
2017.09.18 17:04:49.849,0.80965,0.80976,2.62,2.44
2017.09.18 17:04:49.900,0.80967,0.80976,1.00,1.50
2017.09.18 17:04:50.567,0.80968,0.80977,1.00,1.00
2017.09.18 17:04:52.288,0.80968,0.80978,1.00,1.31
2017.09.18 17:04:52.863,0.80972,0.8098,1.00,1.50
2017.09.18 17:04:52.965,0.80974,0.80983,1.00,1.25
2017.09.18 17:04:53.837,0.80973,0.80983,1.00,1.25
2017.09.18 17:04:54.388,0.80972,0.80982,1.50,1.00
2017.09.18 17:04:54.539,0.8097,0.8098,1.50,1.25
2017.09.18 17:04:54.837,0.80972,0.80982,1.50,1.31
2017.09.18 17:04:54.888,0.80974,0.80983,1.00,1.87
2017.09.18 17:04:55.255,0.80972,0.80983,2.25,1.87
2017.09.18 17:04:58.657,0.80972,0.80983,1.50,2.62
2017.09.18 17:04:59.489,0.80972,0.80982,1.00,1.00
2017.09.18 17:05:00.171,0.80972,0.80982,1.00,1.44
2017.09.18 17:05:00.679,0.8097,0.8098,2.44,1.00
2017.09.18 17:05:01.064,0.8097,0.80978,1.50,1.00
2017.09.18 17:05:01.317,0.80968,0.80979,1.00,1.00
2017.09.18 17:05:01.846,0.80967,0.80978,1.12,1.00
2017.09.18 17:05:02.365,0.80968,0.80979,1.50,1.69
2017.09.18 17:05:03.055,0.80968,0.80978,1.00,1.25
2017.09.18 17:05:04.205,0.80968,0.80977,1.00,1.00
2017.09.18 17:05:04.309,0.80966,0.80975,2.25,1.00
2017.09.18 17:05:04.361,0.80965,0.80977,2.00,2.44
2017.09.18 17:05:04.976,0.80967,0.80976,1.12,1.00
2017.09.18 17:05:05.585,0.80966,0.80976,1.00,1.00
2017.09.18 17:05:06.127,0.80967,0.80977,1.12,1.00
2017.09.18 17:05:08.133,0.80967,0.80978,1.12,1.12
2017.09.18 17:05:12.088,0.80967,0.80977,1.12,1.00
2017.09.18 17:05:15.208,0.80967,0.80978,1.12,1.25
2017.09.18 17:05:16.366,0.80967,0.80977,1.87,1.00
2017.09.18 17:05:16.417,0.8097,0.80979,1.00,1.00
2017.09.18 17:05:16.569,0.80971,0.80981,1.00,1.12
2017.09.18 17:05:17.080,0.80971,0.8098,1.00,1.00
2017.09.18 17:05:17.131,0.80967,0.80978,2.81,1.00
2017.09.18 17:05:17.233,0.80967,0.80977,1.00,1.25
2017.09.18 17:05:17.743,0.80967,0.80978,1.50,2.06
2017.09.18 17:05:17.997,0.80966,0.80976,1.12,1.69
2017.09.18 17:05:18.300,0.80963,0.80974,2.25,1.69
2017.09.18 17:05:22.292,0.80963,0.80974,1.50,2.62
2017.09.18 17:05:22.861,0.80963,0.80974,3.19,1.87
2017.09.18 17:05:23.392,0.80965,0.80975,1.00,1.87
2017.09.18 17:05:23.886,0.80966,0.80976,1.00,1.69
2017.09.18 17:05:28.648,0.80966,0.80977,2.25,1.31
2017.09.18 17:05:30.238,0.80966,0.80976,1.50,1.00
2017.09.18 17:05:30.445,0.80968,0.80978,1.00,1.87
2017.09.18 17:05:31.737,0.80968,0.80979,1.69,1.69
2017.09.18 17:05:31.840,0.80971,0.80981,1.00,3.00
2017.09.18 17:05:32.147,0.80968,0.80978,1.00,1.00
2017.09.18 17:05:33.315,0.80969,0.8098,1.25,2.44
2017.09.18 17:05:33.366,0.80971,0.8098,1.00,1.69
2017.09.18 17:05:35.880,0.80971,0.8098,1.00,1.44
2017.09.18 17:05:36.356,0.80967,0.80979,2.06,2.62
2017.09.18 17:05:36.457,0.80967,0.80979,1.69,2.62
2017.09.18 17:05:37.543,0.80968,0.80979,1.00,2.62
2017.09.18 17:05:39.181,0.80967,0.80978,1.50,1.87
2017.09.18 17:05:49.789,0.80967,0.80977,1.00,2.06
2017.09.18 17:05:50.571,0.80967,0.80977,1.00,1.87
2017.09.18 17:05:52.862,0.80967,0.80978,1.69,1.50
2017.09.18 17:05:52.964,0.80969,0.80978,1.00,1.50
2017.09.18 17:05:55.417,0.80969,0.80979,1.00,1.25
2017.09.18 17:05:57.363,0.80969,0.80979,1.00,1.87
2017.09.18 17:05:59.118,0.80969,0.80976,1.00,1.00
2017.09.18 17:06:00.234,0.80969,0.80977,1.00,1.25
2017.09.18 17:06:03.766,0.80969,0.80978,1.50,1.00
2017.09.18 17:06:06.383,0.80969,0.80976,1.00,1.00
2017.09.18 17:06:06.727,0.80965,0.80975,1.00,2.06
2017.09.18 17:06:07.271,0.80963,0.80974,1.37,2.06
2017.09.18 17:06:07.987,0.80963,0.80974,1.00,2.06
2017.09.18 17:06:09.556,0.80965,0.80973,1.00,1.00
2017.09.18 17:06:09.910,0.80965,0.80975,1.00,1.87
2017.09.18 17:06:13.958,0.80965,0.80975,1.00,2.06
2017.09.18 17:06:15.012,0.80964,0.80972,1.12,1.25
2017.09.18 17:06:15.113,0.80962,0.80971,1.00,1.25
2017.09.18 17:06:16.265,0.80962,0.80972,1.00,1.69
2017.09.18 17:06:18.553,0.80961,0.80972,2.62,2.06
2017.09.18 17:06:18.604,0.80961,0.8097,1.12,1.25
2017.09.18 17:06:19.172,0.80964,0.80973,1.00,1.87
2017.09.18 17:06:19.223,0.80962,0.80973,1.00,1.69
2017.09.18 17:06:19.425,0.80961,0.80971,1.12,1.00
2017.09.18 17:06:21.949,0.80961,0.8097,1.12,1.00
2017.09.18 17:06:22.455,0.8096,0.8097,1.00,1.25
2017.09.18 17:06:23.673,0.80961,0.80971,1.00,2.25
2017.09.18 17:06:23.978,0.80965,0.80972,1.00,1.00
2017.09.18 17:06:24.275,0.80961,0.80972,2.25,1.44
2017.09.18 17:06:24.813,0.80961,0.80973,2.25,2.06
2017.09.18 17:06:26.271,0.80963,0.80974,1.69,3.00
2017.09.18 17:06:27.815,0.80963,0.80973,1.00,1.31
2017.09.18 17:06:28.345,0.80962,0.80973,1.00,1.87
2017.09.18 17:06:28.960,0.80961,0.80972,1.69,1.87
2017.09.18 17:06:29.639,0.8096,0.80971,2.06,1.69
2017.09.18 17:06:30.190,0.8096,0.80971,1.87,2.81
2017.09.18 17:06:35.015,0.80962,0.80971,1.00,1.31
2017.09.18 17:06:37.160,0.80962,0.80971,1.00,1.00
2017.09.18 17:06:41.507,0.80962,0.80972,1.50,1.00
2017.09.18 17:06:41.842,0.80964,0.80973,1.00,1.12
2017.09.18 17:06:42.354,0.80962,0.80972,1.12,1.12
2017.09.18 17:06:42.981,0.80962,0.80971,1.12,1.00
2017.09.18 17:06:45.143,0.80962,0.80972,1.12,1.12
2017.09.18 17:06:45.660,0.80962,0.80971,1.12,1.00
2017.09.18 17:06:46.642,0.80962,0.80972,1.12,1.12
2017.09.18 17:06:47.167,0.80962,0.80973,1.12,1.87
2017.09.18 17:06:50.283,0.80962,0.80973,1.12,2.06
2017.09.18 17:06:51.213,0.80962,0.80973,1.12,1.87
2017.09.18 17:06:51.754,0.80962,0.80972,1.12,1.25
2017.09.18 17:06:51.806,0.80964,0.80973,1.00,1.69
2017.09.18 17:06:52.842,0.80964,0.80974,1.00,1.87
2017.09.18 17:06:53.201,0.80967,0.80978,1.69,2.44
2017.09.18 17:06:53.886,0.80969,0.80979,1.00,1.50
2017.09.18 17:06:54.433,0.80969,0.80979,1.69,1.31
2017.09.18 17:06:54.782,0.80965,0.80976,1.69,3.37
2017.09.18 17:06:55.086,0.80968,0.80977,1.00,1.25
2017.09.18 17:07:00.230,0.80968,0.80978,1.50,1.25
2017.09.18 17:07:00.734,0.80969,0.80979,1.00,1.25
2017.09.18 17:07:01.139,0.80969,0.80977,1.00,1.00
2017.09.18 17:07:01.280,0.80966,0.80976,1.87,1.69
2017.09.18 17:07:01.382,0.80965,0.80976,1.69,1.87
2017.09.18 17:07:02.847,0.80965,0.80976,1.69,1.69
2017.09.18 17:07:05.688,0.80965,0.80976,1.50,2.47
2017.09.18 17:07:05.971,0.80963,0.80974,2.25,1.87
2017.09.18 17:07:11.030,0.80963,0.80973,1.50,2.06
2017.09.18 17:07:11.564,0.80963,0.80973,1.50,1.87
2017.09.18 17:07:14.664,0.80963,0.80974,2.25,2.62
2017.09.18 17:07:15.190,0.80963,0.80973,1.50,1.25
2017.09.18 17:07:16.238,0.80963,0.80974,1.50,1.87
2017.09.18 17:07:16.876,0.80963,0.80973,2.25,1.25
2017.09.18 17:07:17.421,0.80964,0.80974,1.00,1.25
2017.09.18 17:07:18.170,0.80963,0.80973,1.12,1.12
2017.09.18 17:07:18.790,0.80965,0.80974,1.00,1.25
2017.09.18 17:07:22.148,0.80965,0.80974,1.00,1.44
2017.09.18 17:07:22.868,0.80967,0.80976,1.00,1.25
2017.09.18 17:07:23.417,0.80966,0.80976,1.00,1.25
2017.09.18 17:07:23.936,0.80967,0.80976,1.00,1.00
2017.09.18 17:07:24.833,0.80969,0.80976,1.00,1.00
2017.09.18 17:07:25.362,0.80969,0.80977,1.00,1.69
2017.09.18 17:07:25.675,0.80966,0.80977,2.06,1.00
2017.09.18 17:07:26.335,0.80965,0.80976,3.19,1.25
2017.09.18 17:07:26.588,0.80964,0.80975,2.44,1.69
2017.09.18 17:07:27.244,0.80965,0.80975,1.00,1.25
2017.09.18 17:07:27.777,0.80964,0.80975,1.69,1.69
2017.09.18 17:07:29.326,0.80964,0.80974,1.50,1.00
2017.09.18 17:07:30.519,0.80964,0.80973,1.00,1.62
2017.09.18 17:07:30.791,0.80962,0.80972,1.00,1.31
2017.09.18 17:07:34.671,0.80963,0.80973,1.00,1.25
2017.09.18 17:07:35.274,0.80964,0.80975,1.50,2.81
2017.09.18 17:07:38.563,0.80964,0.80975,1.50,2.62
2017.09.18 17:07:39.365,0.80962,0.80974,3.19,2.81
2017.09.18 17:07:40.104,0.80962,0.80972,2.44,1.00
2017.09.18 17:07:40.408,0.8096,0.80971,1.50,2.62
2017.09.18 17:07:41.865,0.8096,0.80971,1.50,2.06
2017.09.18 17:07:42.644,0.80961,0.80971,1.00,1.25
2017.09.18 17:07:47.151,0.80963,0.80974,1.69,3.19
2017.09.18 17:07:47.304,0.80964,0.80974,1.00,1.00
2017.09.18 17:07:47.615,0.80962,0.80972,3.22,1.25
2017.09.18 17:07:48.131,0.80963,0.80972,1.00,1.69
2017.09.18 17:07:48.763,0.80963,0.80973,1.00,1.88
2017.09.18 17:07:50.622,0.80963,0.80973,1.00,2.06
2017.09.18 17:07:51.866,0.80963,0.80973,1.00,2.06
2017.09.18 17:07:52.433,0.80963,0.80973,1.00,2.25
2017.09.18 17:07:52.924,0.80966,0.80974,1.25,1.00
2017.09.18 17:07:53.246,0.80971,0.8098,1.00,2.06
2017.09.18 17:07:54.921,0.80975,0.80983,1.00,2.25
2017.09.18 17:07:55.227,0.8097,0.80978,1.75,1.25
2017.09.18 17:07:55.328,0.80967,0.80978,2.25,1.12
2017.09.18 17:07:55.429,0.80967,0.80978,1.50,1.12
2017.09.18 17:07:55.733,0.80969,0.80979,1.00,1.44
2017.09.18 17:07:55.936,0.80967,0.80978,2.44,1.12
2017.09.18 17:07:56.673,0.80967,0.80977,1.00,2.06
2017.09.18 17:07:57.213,0.80966,0.80976,1.87,1.25
2017.09.18 17:07:59.935,0.8097,0.80978,1.00,1.25
2017.09.18 17:08:00.345,0.80967,0.80979,2.44,3.38
2017.09.18 17:08:00.873,0.80968,0.80978,1.25,1.12
2017.09.18 17:08:02.172,0.80969,0.80979,1.00,2.25
2017.09.18 17:08:02.840,0.80968,0.80979,3.19,1.12
2017.09.18 17:08:03.352,0.8097,0.8098,1.00,1.44
2017.09.18 17:08:04.676,0.8097,0.80981,1.00,1.44
2017.09.18 17:08:09.706,0.8097,0.80978,1.00,1.25
2017.09.18 17:08:09.858,0.80968,0.80977,1.12,1.25
2017.09.18 17:08:10.409,0.80968,0.80979,1.50,2.62
2017.09.18 17:08:10.913,0.80968,0.80976,1.00,1.25
2017.09.18 17:08:11.733,0.80968,0.80976,1.00,1.44
2017.09.18 17:08:12.345,0.80968,0.80976,1.00,1.69
2017.09.18 17:08:13.062,0.80965,0.80974,1.75,1.00
2017.09.18 17:08:13.215,0.80965,0.80975,1.00,1.12
2017.09.18 17:08:13.266,0.80967,0.80976,1.00,1.87
2017.09.18 17:08:14.451,0.80967,0.80977,1.00,1.69
2017.09.18 17:08:17.015,0.80967,0.80977,1.00,2.81
2017.09.18 17:08:17.066,0.80965,0.80976,1.50,1.75
2017.09.18 17:08:17.269,0.80963,0.80972,1.69,1.00
2017.09.18 17:08:17.480,0.80963,0.80974,1.69,1.50
2017.09.18 17:08:17.886,0.80962,0.80972,1.00,1.69
2017.09.18 17:08:18.443,0.80961,0.80972,2.62,1.69
2017.09.18 17:08:18.752,0.80963,0.80972,1.00,1.25
2017.09.18 17:08:19.618,0.80963,0.80971,1.00,1.00
2017.09.18 17:08:19.669,0.80961,0.80971,1.12,1.50
2017.09.18 17:08:20.455,0.80961,0.80972,1.87,2.44
2017.09.18 17:08:20.556,0.80963,0.80974,1.00,2.62
2017.09.18 17:08:21.069,0.80963,0.80974,1.00,2.62
2017.09.18 17:08:22.086,0.80964,0.80974,1.00,2.06
2017.09.18 17:08:22.649,0.80964,0.80973,1.00,1.00
2017.09.18 17:08:22.887,0.80962,0.80973,1.87,1.50
2017.09.18 17:08:27.478,0.80963,0.80973,1.00,1.25
2017.09.18 17:08:30.639,0.80962,0.80973,1.87,1.00
2017.09.18 17:08:31.530,0.80963,0.80973,1.00,1.00
2017.09.18 17:08:34.637,0.80962,0.80973,1.69,1.00
2017.09.18 17:08:35.150,0.80963,0.80974,1.00,1.12
2017.09.18 17:08:38.683,0.80963,0.80973,1.00,1.00
2017.09.18 17:08:41.026,0.80963,0.80974,1.50,1.25
2017.09.18 17:08:42.878,0.80964,0.80974,1.00,1.25
2017.09.18 17:08:43.397,0.80963,0.80974,2.44,1.00
2017.09.18 17:08:44.595,0.80966,0.80976,1.00,2.25
2017.09.18 17:08:44.941,0.8097,0.80978,1.00,1.25
2017.09.18 17:08:49.647,0.80972,0.8098,1.00,1.69
2017.09.18 17:08:49.951,0.8097,0.80979,1.50,1.31
2017.09.18 17:08:50.610,0.8097,0.80979,1.00,1.44
2017.09.18 17:08:52.874,0.8097,0.8098,1.25,1.44
2017.09.18 17:08:53.178,0.80972,0.8098,1.00,1.25
2017.09.18 17:08:53.716,0.80972,0.8098,1.00,1.44
2017.09.18 17:08:53.919,0.80972,0.80982,1.00,2.06
2017.09.18 17:08:54.872,0.80974,0.80982,1.12,1.25
2017.09.18 17:08:55.428,0.80973,0.80981,1.50,1.13
2017.09.18 17:08:55.934,0.80973,0.80982,1.50,1.12
2017.09.18 17:08:57.173,0.80971,0.8098,1.37,1.00
2017.09.18 17:08:57.274,0.8097,0.80981,1.87,1.87
2017.09.18 17:08:57.824,0.8097,0.80981,3.00,1.12
2017.09.18 17:08:57.936,0.80969,0.8098,1.50,2.62
2017.09.18 17:08:58.444,0.80969,0.80979,1.00,1.25
2017.09.18 17:08:58.991,0.80969,0.80978,1.00,1.00
2017.09.18 17:08:59.644,0.80968,0.80978,1.69,1.25
2017.09.18 17:09:02.826,0.80968,0.80978,1.00,1.88
2017.09.18 17:09:03.130,0.80963,0.80974,1.87,2.81
2017.09.18 17:09:03.333,0.80963,0.80972,1.00,1.00
2017.09.18 17:09:06.140,0.80963,0.80973,1.00,1.69
2017.09.18 17:09:06.452,0.80965,0.80975,1.00,2.63
2017.09.18 17:09:06.958,0.80965,0.80975,1.50,1.31
2017.09.18 17:09:09.184,0.80965,0.80976,2.06,2.44
2017.09.18 17:09:10.255,0.80965,0.80976,1.87,2.62
2017.09.18 17:09:10.594,0.80965,0.80974,1.12,1.31
2017.09.18 17:09:10.797,0.80963,0.80973,1.00,1.13
2017.09.18 17:09:11.302,0.80963,0.80972,1.00,1.00
2017.09.18 17:09:11.876,0.80963,0.80973,1.00,1.69
2017.09.18 17:09:14.953,0.80963,0.80972,1.00,1.25
2017.09.18 17:09:15.466,0.80963,0.80973,1.00,1.25
2017.09.18 17:09:16.003,0.80963,0.80974,1.69,1.69
2017.09.18 17:09:16.512,0.80964,0.80974,1.00,1.25
2017.09.18 17:09:17.017,0.80963,0.80974,1.69,1.50
2017.09.18 17:09:17.521,0.80966,0.80974,1.00,1.00
2017.09.18 17:09:19.454,0.80966,0.80975,1.69,1.00
2017.09.18 17:09:20.006,0.80966,0.80975,1.00,1.87
2017.09.18 17:09:20.741,0.80966,0.80975,1.00,1.69
2017.09.18 17:09:21.164,0.80966,0.80973,1.00,1.00
2017.09.18 17:09:21.926,0.80966,0.80974,1.00,1.50
2017.09.18 17:09:22.932,0.8097,0.80978,1.00,1.87
2017.09.18 17:09:23.275,0.80972,0.8098,1.00,1.00
2017.09.18 17:09:23.827,0.80972,0.80981,1.00,1.25
2017.09.18 17:09:24.261,0.8097,0.80978,1.12,1.50
2017.09.18 17:09:24.801,0.80968,0.80977,1.50,1.25
2017.09.18 17:09:27.803,0.80968,0.80978,1.50,1.69
2017.09.18 17:09:28.398,0.8097,0.80978,1.00,1.69
2017.09.18 17:09:28.904,0.8097,0.80979,1.00,1.25
2017.09.18 17:09:33.190,0.80971,0.80979,1.00,1.25
2017.09.18 17:09:35.152,0.8097,0.8098,1.50,1.44
2017.09.18 17:09:42.117,0.80972,0.80981,1.00,1.44
2017.09.18 17:09:42.625,0.80972,0.80982,1.50,1.44
2017.09.18 17:09:43.124,0.80978,0.80981,1.00,1.00
2017.09.18 17:09:43.175,0.80978,0.80986,1.00,1.37
2017.09.18 17:09:43.226,0.8098,0.80989,1.50,1.62
2017.09.18 17:09:43.373,0.80981,0.80992,1.00,1.37
2017.09.18 17:09:43.424,0.80983,0.80993,1.50,1.44
2017.09.18 17:09:43.738,0.80985,0.80994,1.00,1.31
2017.09.18 17:09:44.045,0.80981,0.80991,2.25,1.25
2017.09.18 17:09:44.586,0.80983,0.80992,1.00,1.12
2017.09.18 17:09:47.125,0.80982,0.80992,1.87,1.25
2017.09.18 17:09:50.112,0.80983,0.80992,1.00,2.06
2017.09.18 17:09:50.518,0.80985,0.80993,1.00,1.00
2017.09.18 17:09:51.036,0.80985,0.80995,1.00,1.87
2017.09.18 17:09:51.341,0.80983,0.80993,1.87,1.25
2017.09.18 17:09:51.762,0.80981,0.80989,2.25,1.25
2017.09.18 17:09:51.914,0.80978,0.80987,1.75,1.69
2017.09.18 17:09:52.015,0.80976,0.80986,3.94,1.00
2017.09.18 17:09:52.516,0.80978,0.80988,1.00,1.44
2017.09.18 17:09:53.027,0.80978,0.80989,1.50,2.06
2017.09.18 17:09:53.368,0.80977,0.80987,1.12,2.06
2017.09.18 17:09:54.244,0.80976,0.80987,2.81,2.25
2017.09.18 17:09:54.750,0.80977,0.80987,1.50,1.12
2017.09.18 17:09:55.285,0.80978,0.80987,1.00,1.12
2017.09.18 17:09:59.427,0.80977,0.80987,1.69,1.12
2017.09.18 17:09:59.834,0.80978,0.80989,1.50,1.25
2017.09.18 17:10:00.453,0.80979,0.80989,1.00,1.69
2017.09.18 17:10:00.984,0.80978,0.80989,3.19,1.69
2017.09.18 17:10:01.086,0.8098,0.80989,1.00,1.69
2017.09.18 17:10:01.712,0.8098,0.80986,1.00,1.00
2017.09.18 17:10:02.042,0.80977,0.80985,1.00,1.00
2017.09.18 17:10:02.563,0.80976,0.80985,1.50,1.00
2017.09.18 17:10:02.980,0.80978,0.80987,1.13,1.12
2017.09.18 17:10:03.860,0.80979,0.80987,1.00,1.12
2017.09.18 17:10:04.114,0.8098,0.80991,1.00,3.00
2017.09.18 17:10:04.863,0.8098,0.80991,1.00,1.87
2017.09.18 17:10:05.473,0.8098,0.80991,1.25,3.00
2017.09.18 17:10:06.005,0.80979,0.8099,1.69,1.25
2017.09.18 17:10:06.056,0.80978,0.80983,1.12,1.13
2017.09.18 17:10:06.107,0.80975,0.80983,1.12,1.00
2017.09.18 17:10:06.209,0.80972,0.80982,1.00,1.25
2017.09.18 17:10:06.435,0.80971,0.8098,1.00,1.00
2017.09.18 17:10:06.945,0.80969,0.8098,3.94,1.00
2017.09.18 17:10:15.510,0.80971,0.80981,1.00,3.00
2017.09.18 17:10:22.632,0.80973,0.80982,1.25,2.25
2017.09.18 17:10:22.733,0.80973,0.80982,1.25,1.00
2017.09.18 17:10:23.468,0.80972,0.80982,1.25,1.00
2017.09.18 17:10:24.134,0.80972,0.8098,1.25,1.00
2017.09.18 17:10:24.438,0.80971,0.80978,1.25,1.00
2017.09.18 17:10:25.131,0.8097,0.80978,1.25,1.00
2017.09.18 17:10:29.245,0.80969,0.80978,1.25,1.00
2017.09.18 17:10:30.962,0.8097,0.80978,1.00,1.00
2017.09.18 17:10:31.961,0.80969,0.80978,1.50,1.00
2017.09.18 17:10:34.751,0.8097,0.80978,1.00,1.00
2017.09.18 17:10:35.456,0.80969,0.80978,1.50,1.00
2017.09.18 17:10:44.154,0.8097,0.8098,3.00,1.50
2017.09.18 17:10:44.448,0.8097,0.80981,4.12,1.69
2017.09.18 17:10:44.702,0.8097,0.80981,1.13,3.37
2017.09.18 17:10:45.215,0.80971,0.80981,1.00,2.63
2017.09.18 17:10:45.739,0.8097,0.80981,1.87,3.19
2017.09.18 17:10:46.538,0.8097,0.80978,1.25,1.00
2017.09.18 17:10:47.788,0.8097,0.80979,1.69,1.00
2017.09.18 17:10:48.340,0.80971,0.80979,1.00,1.00
2017.09.18 17:10:48.888,0.8097,0.80978,1.00,1.00
2017.09.18 17:10:52.885,0.8097,0.80976,1.00,1.00
2017.09.18 17:10:53.401,0.8097,0.80977,1.00,1.00
2017.09.18 17:10:53.927,0.8097,0.80978,1.00,1.00
2017.09.18 17:10:54.455,0.80969,0.80978,2.10,1.00
2017.09.18 17:10:54.990,0.80969,0.80977,1.30,1.00
2017.09.18 17:10:55.592,0.80969,0.80977,2.10,1.00
2017.09.18 17:10:56.028,0.80967,0.80975,2.44,1.00
2017.09.18 17:10:56.181,0.80967,0.80975,1.25,1.00
2017.09.18 17:10:56.691,0.80967,0.80976,2.06,1.00
2017.09.18 17:10:58.252,0.80967,0.80976,1.87,1.00
2017.09.18 17:10:59.593,0.80968,0.80976,1.00,1.00
2017.09.18 17:11:01.053,0.80967,0.80976,1.12,1.00
2017.09.18 17:11:01.580,0.80966,0.80975,2.81,1.00
2017.09.18 17:11:04.927,0.80966,0.80974,2.62,1.00
2017.09.18 17:11:05.428,0.80965,0.80973,1.50,1.00
2017.09.18 17:11:05.479,0.80966,0.80975,1.31,1.00
2017.09.18 17:11:06.240,0.80966,0.80975,1.87,1.00
2017.09.18 17:11:06.864,0.80967,0.80976,1.00,1.50
2017.09.18 17:11:07.365,0.80966,0.80975,2.81,1.00
2017.09.18 17:11:08.250,0.80966,0.80974,2.81,1.00
2017.09.18 17:11:10.101,0.80967,0.80976,1.12,1.50
2017.09.18 17:11:10.556,0.80969,0.80976,1.00,1.00
2017.09.18 17:11:11.076,0.80967,0.80976,1.12,1.00
2017.09.18 17:11:11.546,0.80969,0.80976,1.00,1.50
2017.09.18 17:11:12.202,0.80968,0.80976,1.00,1.50
2017.09.18 17:11:12.753,0.80967,0.80975,1.25,1.00
2017.09.18 17:11:13.309,0.80965,0.80973,2.62,1.00
2017.09.18 17:11:14.224,0.80967,0.80973,1.00,1.00
2017.09.18 17:11:14.536,0.80967,0.80975,1.25,1.00
2017.09.18 17:11:15.073,0.80968,0.80975,1.00,1.00
2017.09.18 17:11:16.855,0.80967,0.80975,1.25,1.00
2017.09.18 17:11:18.564,0.80967,0.80974,1.25,1.00
2017.09.18 17:11:19.082,0.80965,0.80974,2.62,1.00
2017.09.18 17:11:19.936,0.80965,0.80973,1.44,1.00
2017.09.18 17:11:20.661,0.80965,0.80973,1.25,1.00
2017.09.18 17:11:23.560,0.80966,0.80974,1.00,1.00
2017.09.18 17:11:23.883,0.80967,0.80976,2.85,1.00
2017.09.18 17:11:24.750,0.80968,0.80976,1.12,1.00
2017.09.18 17:11:25.719,0.80969,0.80976,1.00,1.00
2017.09.18 17:11:26.762,0.80968,0.80976,1.31,1.00
2017.09.18 17:11:28.433,0.80969,0.80976,1.00,1.00
2017.09.18 17:11:29.441,0.80968,0.80976,1.31,1.00
2017.09.18 17:11:29.981,0.80968,0.80976,1.63,1.00
2017.09.18 17:11:31.332,0.80968,0.80976,1.25,1.00
2017.09.18 17:11:31.839,0.80968,0.80975,1.00,1.50
2017.09.18 17:11:32.361,0.80969,0.80976,1.00,1.12
2017.09.18 17:11:33.287,0.80968,0.80977,1.69,2.25
2017.09.18 17:11:34.742,0.80969,0.80977,1.00,2.25
2017.09.18 17:11:35.260,0.8097,0.80977,1.00,1.00
2017.09.18 17:11:38.465,0.80969,0.80977,1.25,1.00
2017.09.18 17:11:40.615,0.80969,0.80977,1.63,1.00
2017.09.18 17:11:41.474,0.80969,0.80977,1.25,1.00
2017.09.18 17:11:43.015,0.80969,0.80977,1.85,1.00
2017.09.18 17:11:43.617,0.80969,0.80974,1.00,1.00
2017.09.18 17:11:44.125,0.80969,0.80975,1.00,1.00
2017.09.18 17:11:44.642,0.80968,0.80975,1.50,1.00
2017.09.18 17:11:46.825,0.80968,0.80976,1.00,1.00
2017.09.18 17:11:47.738,0.80969,0.80976,1.00,1.00
2017.09.18 17:11:48.341,0.80968,0.80976,1.00,1.00
2017.09.18 17:11:49.156,0.80968,0.80976,2.10,1.00
2017.09.18 17:11:49.925,0.80969,0.80976,1.00,1.00
2017.09.18 17:11:51.510,0.8097,0.80976,1.00,1.00
2017.09.18 17:11:52.042,0.80969,0.80976,1.00,1.00
2017.09.18 17:11:53.344,0.80968,0.80976,1.25,1.00
2017.09.18 17:11:53.880,0.80972,0.80981,1.25,2.25
2017.09.18 17:11:53.982,0.80972,0.80982,1.25,1.50
2017.09.18 17:11:54.562,0.80973,0.80982,1.00,1.50
2017.09.18 17:11:55.178,0.80972,0.80982,1.00,2.44
2017.09.18 17:11:58.721,0.80972,0.8098,1.00,1.25
2017.09.18 17:11:58.874,0.8097,0.80979,1.00,1.50
2017.09.18 17:12:02.059,0.80971,0.80981,1.00,1.12
2017.09.18 17:12:02.899,0.80973,0.80981,1.00,1.12
2017.09.18 17:12:03.433,0.80972,0.80981,1.00,1.12
2017.09.18 17:12:03.945,0.80973,0.80981,1.00,1.12
2017.09.18 17:12:04.257,0.80971,0.80979,1.00,1.00
2017.09.18 17:12:04.784,0.8097,0.80978,1.50,1.00
2017.09.18 17:12:04.836,0.8097,0.8098,2.44,1.00
2017.09.18 17:12:04.988,0.80973,0.8098,1.00,1.00
2017.09.18 17:12:10.091,0.80974,0.8098,1.00,1.00
2017.09.18 17:12:15.000,0.80974,0.80982,1.00,1.12
2017.09.18 17:12:15.255,0.80973,0.80979,1.00,1.88
2017.09.18 17:12:15.306,0.8097,0.80978,2.25,1.12
2017.09.18 17:12:15.827,0.8097,0.80977,1.00,1.00
2017.09.18 17:12:16.871,0.80971,0.80977,1.00,1.00
2017.09.18 17:12:21.648,0.80971,0.8098,1.50,2.44
2017.09.18 17:12:23.875,0.80972,0.8098,1.00,1.50
2017.09.18 17:12:24.592,0.80972,0.8098,1.50,1.00
2017.09.18 17:12:28.144,0.80972,0.80978,1.00,1.00
2017.09.18 17:12:28.463,0.80969,0.80975,1.63,1.12
2017.09.18 17:12:28.566,0.80969,0.80979,1.00,1.00
2017.09.18 17:12:28.820,0.80967,0.80978,1.50,2.25
2017.09.18 17:12:28.872,0.80967,0.80976,1.50,1.25
2017.09.18 17:12:29.176,0.80964,0.80972,1.50,1.00
2017.09.18 17:12:29.686,0.80965,0.80973,1.00,1.12
2017.09.18 17:12:30.616,0.80964,0.80973,1.00,1.87
2017.09.18 17:12:31.122,0.80964,0.80974,3.00,1.12
2017.09.18 17:12:31.678,0.80965,0.80975,1.00,1.87
2017.09.18 17:12:32.278,0.80964,0.80974,2.25,1.12
2017.09.18 17:12:33.044,0.80964,0.80973,2.25,1.00
2017.09.18 17:12:33.557,0.80965,0.80975,1.00,2.44
2017.09.18 17:12:33.709,0.80967,0.80976,1.00,1.31
2017.09.18 17:12:34.266,0.80966,0.80976,1.50,1.31
2017.09.18 17:12:34.571,0.80964,0.80973,1.00,1.87
2017.09.18 17:12:35.322,0.80964,0.80974,1.50,1.31
2017.09.18 17:12:35.849,0.80965,0.80974,1.00,1.25
2017.09.18 17:12:37.162,0.80965,0.80975,1.50,1.87
2017.09.18 17:12:37.747,0.80965,0.80974,1.50,1.00
2017.09.18 17:12:39.749,0.80966,0.80975,1.00,1.87
2017.09.18 17:12:40.283,0.80967,0.80974,1.00,1.00
2017.09.18 17:12:40.875,0.80966,0.80974,1.00,2.06
2017.09.18 17:12:46.053,0.80968,0.80975,1.00,1.12
2017.09.18 17:12:46.556,0.80967,0.80975,1.00,1.25
2017.09.18 17:12:47.152,0.80967,0.80976,1.00,2.25
2017.09.18 17:12:48.161,0.80968,0.80976,1.00,2.25
2017.09.18 17:12:52.873,0.80969,0.80978,1.00,2.00
2017.09.18 17:12:53.076,0.80975,0.80984,1.00,2.62
2017.09.18 17:12:53.330,0.80977,0.80985,1.00,2.25
2017.09.18 17:12:53.634,0.80973,0.80981,1.50,1.00
2017.09.18 17:12:54.888,0.80975,0.80983,1.00,2.62
2017.09.18 17:12:54.991,0.80975,0.80984,1.00,2.06
2017.09.18 17:12:55.646,0.80976,0.80984,1.00,1.69
2017.09.18 17:12:57.054,0.80976,0.80985,1.00,1.00
2017.09.18 17:12:57.603,0.80977,0.80985,1.00,1.25
2017.09.18 17:12:58.121,0.80976,0.80985,1.00,1.25
2017.09.18 17:12:58.702,0.80975,0.80985,1.00,2.06
2017.09.18 17:13:00.585,0.80975,0.80984,1.50,1.81
2017.09.18 17:13:00.788,0.80973,0.80981,1.00,1.25
2017.09.18 17:13:01.294,0.80972,0.80981,1.00,1.00
2017.09.18 17:13:02.001,0.80973,0.80981,1.00,1.00
2017.09.18 17:13:02.052,0.80974,0.80983,1.50,1.31
2017.09.18 17:13:02.154,0.80974,0.80983,1.00,3.00
2017.09.18 17:13:02.457,0.80969,0.80978,2.62,1.25
2017.09.18 17:13:02.508,0.80972,0.8098,1.00,2.44
2017.09.18 17:13:02.899,0.80974,0.80983,1.00,1.50
2017.09.18 17:13:03.000,0.80975,0.80984,1.00,1.69
2017.09.18 17:13:03.972,0.80976,0.80984,1.00,1.50
2017.09.18 17:13:04.578,0.80973,0.80982,1.00,1.69
2017.09.18 17:13:04.732,0.80975,0.80984,1.00,1.69
2017.09.18 17:13:05.037,0.80977,0.80985,1.00,1.00
2017.09.18 17:13:05.548,0.80977,0.80984,1.00,1.00
2017.09.18 17:13:05.650,0.80975,0.80984,1.00,1.00
2017.09.18 17:13:09.807,0.80975,0.80983,1.00,1.00
2017.09.18 17:13:10.316,0.80975,0.80984,1.00,1.87
2017.09.18 17:13:10.832,0.80976,0.80984,1.00,1.25
2017.09.18 17:13:11.353,0.80976,0.80985,1.00,1.12
2017.09.18 17:13:13.204,0.80976,0.80983,1.00,1.00
2017.09.18 17:13:14.513,0.80975,0.80983,1.00,1.00
2017.09.18 17:13:15.019,0.80976,0.80985,1.00,2.06
2017.09.18 17:13:15.554,0.80976,0.80985,1.00,1.87
2017.09.18 17:13:16.060,0.80976,0.80985,1.00,1.31
2017.09.18 17:13:16.566,0.80975,0.80985,1.00,1.25
2017.09.18 17:13:17.217,0.80975,0.80985,1.00,1.31
2017.09.18 17:13:18.147,0.80974,0.80985,1.87,1.12
2017.09.18 17:13:18.672,0.80974,0.80985,1.87,1.31
2017.09.18 17:13:19.854,0.80975,0.80986,1.00,2.62
2017.09.18 17:13:20.481,0.80974,0.80986,2.06,2.81
2017.09.18 17:13:22.844,0.80974,0.80986,2.06,2.81
2017.09.18 17:13:23.147,0.80976,0.80986,1.00,1.25
2017.09.18 17:13:24.913,0.80977,0.80986,1.00,1.00
2017.09.18 17:13:26.264,0.80977,0.80985,1.00,1.00
2017.09.18 17:13:26.797,0.80976,0.80985,1.00,1.00
2017.09.18 17:13:27.423,0.80976,0.80986,1.00,1.50
2017.09.18 17:13:27.969,0.80977,0.80986,1.00,1.69
2017.09.18 17:13:31.314,0.80978,0.80987,1.00,2.25
2017.09.18 17:13:31.568,0.80978,0.80989,1.87,1.69
2017.09.18 17:13:31.619,0.80977,0.80986,1.12,1.00
2017.09.18 17:13:32.128,0.80976,0.80986,1.69,1.00
2017.09.18 17:13:34.220,0.80978,0.80988,1.00,1.87
2017.09.18 17:13:34.422,0.80978,0.80989,1.50,2.81
2017.09.18 17:13:35.215,0.80978,0.80989,1.50,3.00
2017.09.18 17:13:35.718,0.80978,0.80989,1.50,2.81
2017.09.18 17:13:36.841,0.80978,0.80987,1.00,1.00
2017.09.18 17:13:37.391,0.80976,0.80987,3.37,1.00
2017.09.18 17:13:38.490,0.80976,0.80987,3.19,1.50
2017.09.18 17:13:39.655,0.80977,0.80987,1.00,1.00
2017.09.18 17:13:42.235,0.80978,0.80989,1.69,2.25
2017.09.18 17:13:42.781,0.80978,0.80989,2.44,1.50
2017.09.18 17:13:45.202,0.80978,0.80987,1.50,1.00
2017.09.18 17:13:46.282,0.80977,0.80987,2.06,1.00
2017.09.18 17:13:52.046,0.80978,0.80987,1.00,1.00
2017.09.18 17:13:52.249,0.80979,0.8099,1.69,2.06
2017.09.18 17:13:52.851,0.8098,0.8099,1.00,2.06
2017.09.18 17:13:53.404,0.80979,0.8099,1.69,2.06
2017.09.18 17:13:53.845,0.80979,0.8099,2.29,2.06
2017.09.18 17:13:54.149,0.80986,0.80996,1.00,1.44
2017.09.18 17:13:54.352,0.80984,0.80995,2.81,1.25
2017.09.18 17:13:54.967,0.80985,0.80996,1.50,1.50
2017.09.18 17:13:55.351,0.80987,0.80996,1.00,1.50
2017.09.18 17:13:55.897,0.80985,0.80996,1.00,1.50
2017.09.18 17:13:57.320,0.80985,0.80996,1.00,1.69
2017.09.18 17:13:57.851,0.80984,0.80994,1.25,1.25
2017.09.18 17:13:58.644,0.80983,0.80994,3.56,1.13
2017.09.18 17:13:59.338,0.80985,0.80995,1.69,1.00
2017.09.18 17:13:59.844,0.80986,0.80996,1.50,1.31
2017.09.18 17:14:00.198,0.80984,0.80994,2.81,1.00
2017.09.18 17:14:00.897,0.80986,0.80994,1.00,1.69
2017.09.18 17:14:01.403,0.80984,0.80994,1.00,1.69
2017.09.18 17:14:01.909,0.80983,0.80993,1.50,1.25
2017.09.18 17:14:02.906,0.80986,0.80996,1.00,1.87
2017.09.18 17:14:03.475,0.80986,0.80997,2.63,1.44
2017.09.18 17:14:03.934,0.80988,0.80998,1.00,2.62
2017.09.18 17:14:04.546,0.80988,0.80997,1.00,1.00
2017.09.18 17:14:05.912,0.80988,0.80998,1.69,1.25
2017.09.18 17:14:06.890,0.80989,0.81,1.00,2.81
2017.09.18 17:14:07.480,0.80988,0.80999,2.62,1.38
2017.09.18 17:14:08.214,0.80989,0.80999,1.00,1.38
2017.09.18 17:14:10.359,0.80991,0.81001,1.00,3.37
2017.09.18 17:14:10.460,0.80992,0.81002,1.69,2.25
2017.09.18 17:14:11.003,0.80991,0.81002,1.00,3.38
2017.09.18 17:14:11.104,0.80991,0.81002,1.00,3.00
2017.09.18 17:14:11.446,0.80991,0.81002,1.00,2.44
2017.09.18 17:14:11.953,0.8099,0.81,2.44,1.25
2017.09.18 17:14:12.454,0.80991,0.81002,1.69,3.19
2017.09.18 17:14:12.556,0.80992,0.81002,2.06,1.12
2017.09.18 17:14:13.091,0.80993,0.81003,1.00,2.44
2017.09.18 17:14:13.597,0.80992,0.81003,2.44,1.69
2017.09.18 17:14:15.105,0.80992,0.81001,1.25,1.00
2017.09.18 17:14:15.156,0.8099,0.81002,3.19,3.00
2017.09.18 17:14:15.207,0.80991,0.81002,1.25,1.31
2017.09.18 17:14:16.243,0.80991,0.81002,2.06,1.31
2017.09.18 17:14:23.915,0.80993,0.81002,1.31,1.12
2017.09.18 17:14:24.219,0.80999,0.81008,1.00,2.06
2017.09.18 17:14:24.725,0.80998,0.81008,1.69,1.12
2017.09.18 17:14:25.682,0.80998,0.81007,1.25,1.00
2017.09.18 17:14:27.751,0.80997,0.81007,1.50,1.00
2017.09.18 17:14:28.062,0.81001,0.81011,1.00,3.37
2017.09.18 17:14:28.214,0.81,0.81011,1.69,1.31
2017.09.18 17:14:28.265,0.81,0.8101,1.00,1.63
2017.09.18 17:14:28.569,0.80998,0.81006,1.00,1.13
2017.09.18 17:14:28.771,0.80996,0.81006,1.00,1.44
2017.09.18 17:14:29.912,0.80994,0.81004,1.50,1.87
2017.09.18 17:14:30.014,0.80993,0.81004,1.00,1.87
2017.09.18 17:14:32.996,0.80994,0.81004,1.25,1.50
2017.09.18 17:14:33.670,0.80995,0.81006,1.50,2.62
2017.09.18 17:14:34.928,0.80995,0.81005,1.50,1.69
2017.09.18 17:14:35.611,0.80995,0.81005,2.25,1.50
2017.09.18 17:14:39.086,0.80995,0.81005,1.50,1.69
2017.09.18 17:14:39.612,0.80995,0.81005,1.50,1.50
2017.09.18 17:14:40.203,0.80995,0.81005,1.50,1.69
2017.09.18 17:14:41.200,0.80995,0.81005,1.50,1.50
2017.09.18 17:14:45.354,0.80996,0.81006,1.00,2.44
2017.09.18 17:14:45.860,0.80995,0.81006,2.25,2.63
2017.09.18 17:14:46.404,0.80996,0.81006,1.00,2.44
2017.09.18 17:14:48.135,0.80995,0.81006,3.00,2.81
2017.09.18 17:14:48.681,0.80996,0.81006,1.50,1.25
2017.09.18 17:14:52.963,0.80996,0.81007,1.69,1.13
2017.09.18 17:14:53.872,0.80998,0.81008,1.00,2.25
2017.09.18 17:14:54.424,0.80998,0.81007,1.00,1.31
2017.09.18 17:14:54.965,0.80995,0.81006,3.56,1.44
2017.09.18 17:14:55.850,0.80996,0.81007,1.00,1.87
2017.09.18 17:14:56.230,0.80998,0.81008,1.00,1.31
2017.09.18 17:14:56.763,0.80998,0.81009,2.62,1.69
2017.09.18 17:15:01.370,0.81,0.81009,1.00,1.00
2017.09.18 17:15:02.298,0.80999,0.81009,2.06,1.00
2017.09.18 17:15:03.218,0.81,0.81011,1.00,2.81
2017.09.18 17:15:03.778,0.81001,0.81011,1.31,1.50
2017.09.18 17:15:04.184,0.81,0.8101,1.25,1.00
2017.09.18 17:15:09.169,0.81003,0.81013,1.00,2.62
2017.09.18 17:15:09.480,0.81001,0.8101,1.00,1.25
2017.09.18 17:15:13.020,0.81003,0.81012,1.50,1.00
2017.09.18 17:15:13.172,0.81,0.81011,3.79,1.69
2017.09.18 17:15:13.722,0.81001,0.81011,1.00,1.88
2017.09.18 17:15:14.232,0.81001,0.81011,1.00,1.87
2017.09.18 17:15:15.018,0.80999,0.81011,2.06,2.62
2017.09.18 17:15:16.037,0.81001,0.81011,1.00,1.69
2017.09.18 17:15:16.604,0.81002,0.81013,1.00,3.37
2017.09.18 17:15:17.232,0.81002,0.81011,1.00,1.00
2017.09.18 17:15:17.284,0.81,0.81011,1.69,1.44
2017.09.18 17:15:20.482,0.81003,0.81011,1.00,1.00
2017.09.18 17:15:20.685,0.81004,0.81014,1.00,1.87
2017.09.18 17:15:20.736,0.81001,0.81011,1.50,1.69
2017.09.18 17:15:21.018,0.81,0.81011,1.00,2.62
2017.09.18 17:15:21.555,0.81001,0.81012,1.50,3.19
2017.09.18 17:15:22.164,0.81001,0.81012,1.50,3.00
2017.09.18 17:15:23.903,0.81003,0.81012,1.25,1.12
2017.09.18 17:15:24.437,0.81003,0.81014,1.50,1.87
2017.09.18 17:15:24.895,0.81006,0.81015,1.25,1.31
2017.09.18 17:15:25.199,0.81008,0.81017,1.00,1.87
2017.09.18 17:15:25.748,0.81006,0.81016,2.25,1.31
2017.09.18 17:15:27.071,0.81005,0.81016,1.75,2.63
2017.09.18 17:15:27.173,0.81003,0.81013,1.69,1.00
2017.09.18 17:15:27.463,0.81002,0.81013,3.37,1.50
2017.09.18 17:15:28.840,0.81003,0.81013,1.00,1.50
2017.09.18 17:15:30.235,0.81006,0.81015,1.00,1.87
2017.09.18 17:15:30.337,0.81003,0.81012,2.62,1.12
2017.09.18 17:15:30.388,0.81002,0.8101,1.75,1.00
2017.09.18 17:15:30.590,0.81002,0.8101,1.00,1.00
2017.09.18 17:15:31.102,0.81002,0.81012,1.00,2.44
2017.09.18 17:15:31.692,0.81002,0.81012,1.00,1.00
2017.09.18 17:15:36.921,0.81004,0.81014,1.69,1.87
2017.09.18 17:15:37.571,0.81005,0.81014,1.25,1.12
2017.09.18 17:15:40.088,0.81006,0.81017,1.50,2.62
2017.09.18 17:15:40.241,0.81006,0.81016,1.50,1.00
2017.09.18 17:15:41.569,0.81006,0.81015,1.00,1.00
2017.09.18 17:15:42.121,0.81005,0.81015,1.25,1.00
2017.09.18 17:15:49.446,0.81004,0.81013,1.00,1.00
2017.09.18 17:15:49.950,0.81003,0.81013,2.25,1.00
2017.09.18 17:15:50.466,0.81002,0.81012,2.06,1.00
2017.09.18 17:15:51.109,0.81003,0.81012,1.00,1.00
2017.09.18 17:15:51.734,0.81002,0.81012,1.12,1.12
2017.09.18 17:15:52.898,0.81003,0.81013,2.81,1.50
2017.09.18 17:15:53.219,0.80999,0.8101,2.62,1.25
2017.09.18 17:15:53.371,0.80999,0.8101,1.87,1.31
2017.09.18 17:15:53.993,0.81006,0.81013,1.00,1.62
2017.09.18 17:15:54.044,0.81006,0.81013,1.00,1.12
2017.09.18 17:15:54.273,0.81004,0.81013,1.00,1.12
2017.09.18 17:15:54.849,0.81002,0.81012,1.00,1.25
2017.09.18 17:15:57.866,0.81001,0.81007,1.00,1.00
2017.09.18 17:15:58.068,0.80995,0.81006,1.69,1.12
2017.09.18 17:15:58.574,0.80996,0.81007,2.62,1.50
2017.09.18 17:15:59.594,0.80995,0.81005,1.69,1.00
2017.09.18 17:16:00.105,0.80997,0.81005,1.00,1.00
2017.09.18 17:16:02.923,0.80997,0.81008,1.50,3.37
2017.09.18 17:16:03.449,0.80996,0.81006,1.00,1.00
2017.09.18 17:16:07.110,0.80995,0.81004,1.50,1.12
2017.09.18 17:16:07.695,0.80994,0.81005,1.25,2.44
2017.09.18 17:16:13.134,0.80997,0.81005,1.00,1.00
2017.09.18 17:16:13.652,0.80995,0.81007,1.69,3.37
2017.09.18 17:16:14.974,0.80995,0.81005,1.25,1.00
2017.09.18 17:16:20.226,0.80996,0.81005,1.00,1.00
2017.09.18 17:16:22.911,0.80997,0.81008,1.69,3.19
2017.09.18 17:16:23.425,0.80997,0.81007,1.00,1.12
2017.09.18 17:16:24.865,0.80999,0.81008,1.00,1.37
2017.09.18 17:16:24.916,0.81,0.8101,1.12,2.44
2017.09.18 17:16:25.423,0.81,0.81011,2.62,1.44
2017.09.18 17:16:26.503,0.81,0.81006,1.00,1.00
2017.09.18 17:16:26.606,0.81,0.8101,1.00,3.75
2017.09.18 17:16:26.708,0.81,0.8101,1.69,1.13
2017.09.18 17:16:26.810,0.81,0.81011,1.69,2.63
2017.09.18 17:16:26.862,0.81,0.81006,1.00,1.00
2017.09.18 17:16:26.913,0.80998,0.81006,1.12,1.00
2017.09.18 17:16:26.965,0.80999,0.81008,1.25,1.00
2017.09.18 17:16:27.485,0.81,0.8101,1.87,1.00
2017.09.18 17:16:27.890,0.81002,0.81011,1.00,1.25
2017.09.18 17:16:28.496,0.81002,0.81012,1.00,2.25
2017.09.18 17:16:28.800,0.81001,0.81008,1.00,1.50
2017.09.18 17:16:29.053,0.80998,0.81008,1.50,1.50
2017.09.18 17:16:32.484,0.80997,0.81008,2.06,2.25
2017.09.18 17:16:33.079,0.80996,0.81007,4.54,1.25
2017.09.18 17:16:33.575,0.80999,0.81009,1.38,1.00
2017.09.18 17:16:34.122,0.81,0.8101,1.00,1.31
2017.09.18 17:16:35.605,0.81,0.81009,1.00,1.25
2017.09.18 17:16:39.701,0.81,0.81009,1.00,1.44
2017.09.18 17:16:40.437,0.81,0.81009,1.00,1.12
2017.09.18 17:16:42.387,0.81,0.81008,1.00,1.25
2017.09.18 17:16:42.952,0.80998,0.81007,1.69,1.44
2017.09.18 17:16:43.155,0.80994,0.81003,1.00,1.13
2017.09.18 17:16:44.191,0.80994,0.81003,1.00,1.44
2017.09.18 17:16:44.698,0.80994,0.81003,1.00,2.06
2017.09.18 17:16:45.276,0.80994,0.81001,1.00,1.25
2017.09.18 17:16:45.326,0.80991,0.81001,1.50,1.25
2017.09.18 17:16:45.912,0.80991,0.81,1.50,1.00
2017.09.18 17:16:47.503,0.80991,0.81001,1.50,1.25
2017.09.18 17:16:49.505,0.80997,0.81001,1.00,1.25
2017.09.18 17:16:49.831,0.80998,0.81003,1.00,1.25
2017.09.18 17:16:50.352,0.80997,0.81002,1.00,1.25
2017.09.18 17:16:50.912,0.80996,0.81,1.00,1.00
2017.09.18 17:16:51.166,0.8098,0.80984,1.00,1.25
2017.09.18 17:16:51.723,0.8098,0.80985,1.00,2.44
2017.09.18 17:16:52.256,0.80982,0.80986,1.00,2.06
2017.09.18 17:16:52.772,0.80982,0.80986,1.00,2.06
2017.09.18 17:16:54.233,0.8098,0.80984,1.00,1.00
2017.09.18 17:16:55.164,0.80976,0.80984,1.12,1.25
2017.09.18 17:16:55.215,0.80982,0.80985,1.00,1.00
2017.09.18 17:16:55.723,0.80977,0.80986,1.00,2.06
2017.09.18 17:16:55.774,0.80983,0.80987,1.00,1.31
2017.09.18 17:16:56.696,0.80983,0.80987,1.00,1.25
2017.09.18 17:16:57.255,0.80983,0.80987,1.00,1.00
2017.09.18 17:16:57.478,0.80984,0.80989,1.00,1.69
2017.09.18 17:16:59.204,0.80984,0.80988,1.00,1.00
2017.09.18 17:16:59.886,0.80984,0.80989,1.00,1.25
2017.09.18 17:17:03.162,0.80985,0.80989,1.00,1.25
2017.09.18 17:17:05.174,0.80984,0.80988,1.00,1.00
2017.09.18 17:17:05.276,0.80987,0.80992,1.00,3.00
2017.09.18 17:17:05.784,0.80988,0.80992,1.00,1.00
2017.09.18 17:17:07.296,0.80983,0.80992,1.87,1.25
2017.09.18 17:17:08.185,0.80986,0.8099,1.00,1.50
2017.09.18 17:17:08.712,0.80986,0.8099,1.00,1.25
2017.09.18 17:17:10.648,0.80985,0.80989,1.00,1.25
2017.09.18 17:17:10.952,0.80985,0.80988,1.00,1.25
2017.09.18 17:17:11.303,0.80984,0.80988,1.00,1.69
2017.09.18 17:17:17.589,0.80984,0.80988,1.00,2.06
2017.09.18 17:17:19.241,0.80984,0.80988,1.00,1.12
2017.09.18 17:17:19.292,0.80979,0.80988,1.87,1.12
2017.09.18 17:17:19.883,0.8098,0.80988,1.12,1.12
2017.09.18 17:17:20.325,0.80985,0.80989,1.00,1.50
2017.09.18 17:17:23.068,0.80988,0.80993,1.00,1.69
2017.09.18 17:17:23.373,0.80985,0.80989,1.00,1.00
2017.09.18 17:17:23.874,0.80986,0.8099,1.00,1.50
2017.09.18 17:17:25.414,0.80985,0.80989,1.00,1.00
2017.09.18 17:17:28.407,0.8098,0.80989,1.00,1.00
2017.09.18 17:17:28.945,0.80981,0.80989,1.00,1.00
2017.09.18 17:17:29.495,0.80982,0.80989,1.00,1.00
2017.09.18 17:17:29.732,0.8098,0.80989,2.25,1.00
2017.09.18 17:17:32.868,0.80985,0.80989,1.00,1.69
2017.09.18 17:17:35.688,0.80985,0.80989,1.00,1.25
2017.09.18 17:17:37.384,0.80983,0.80987,1.00,1.00
2017.09.18 17:17:37.500,0.8098,0.80987,1.12,1.00
2017.09.18 17:17:37.551,0.80978,0.80987,1.12,1.00
2017.09.18 17:17:37.905,0.80979,0.80989,1.00,1.12
2017.09.18 17:17:40.158,0.80984,0.80989,1.00,1.12
2017.09.18 17:17:44.060,0.8098,0.8099,1.87,1.50
2017.09.18 17:17:44.595,0.80981,0.8099,1.87,1.50
2017.09.18 17:17:45.549,0.80982,0.8099,1.00,2.44
2017.09.18 17:17:47.349,0.80983,0.8099,1.00,1.50
2017.09.18 17:17:48.944,0.80981,0.8099,1.00,1.50
2017.09.18 17:17:49.501,0.80983,0.80991,1.00,1.75
2017.09.18 17:17:49.603,0.80983,0.80993,1.00,1.50
2017.09.18 17:17:49.806,0.80983,0.80994,3.56,1.50
2017.09.18 17:17:51.483,0.80985,0.80994,1.00,2.44
2017.09.18 17:17:51.993,0.80986,0.80994,1.00,1.69
2017.09.18 17:17:53.085,0.80985,0.80994,1.00,1.69
2017.09.18 17:17:53.914,0.80994,0.80998,1.00,1.50
2017.09.18 17:17:54.103,0.80995,0.81005,1.00,1.69
2017.09.18 17:17:54.701,0.80996,0.81005,1.00,1.69
2017.09.18 17:17:55.443,0.80995,0.81005,1.00,1.69
2017.09.18 17:17:55.955,0.80996,0.81005,1.00,2.44
2017.09.18 17:17:56.056,0.80996,0.81003,1.00,1.00
2017.09.18 17:17:56.361,0.8099,0.81002,3.19,2.44
2017.09.18 17:17:56.888,0.80992,0.81002,1.00,2.44
2017.09.18 17:17:57.396,0.80992,0.81002,1.00,2.63
2017.09.18 17:17:57.947,0.80992,0.81002,1.00,2.63
2017.09.18 17:17:59.353,0.80993,0.81002,1.00,2.44
2017.09.18 17:17:59.856,0.80992,0.81002,1.00,2.63
2017.09.18 17:18:00.394,0.80991,0.81002,1.00,2.44
2017.09.18 17:18:00.984,0.8099,0.81002,3.19,2.44
2017.09.18 17:18:01.933,0.80991,0.81002,1.00,2.63
2017.09.18 17:18:02.237,0.80993,0.81003,1.50,1.87
2017.09.18 17:18:02.932,0.80994,0.81003,1.00,1.12
2017.09.18 17:18:03.945,0.80994,0.81004,1.69,1.00
2017.09.18 17:18:04.411,0.80996,0.81004,1.00,1.00
2017.09.18 17:18:05.010,0.80994,0.81004,1.00,1.00
2017.09.18 17:18:06.668,0.80995,0.81004,1.00,1.00
2017.09.18 17:18:07.182,0.80994,0.81004,1.00,1.50
2017.09.18 17:18:10.312,0.80995,0.81004,1.00,1.00
2017.09.18 17:18:10.792,0.80993,0.81004,2.44,1.50
2017.09.18 17:18:15.415,0.80994,0.81004,1.00,1.50
2017.09.18 17:18:22.173,0.80993,0.81004,2.44,1.00
2017.09.18 17:18:23.966,0.80994,0.81005,1.69,1.00
2017.09.18 17:18:24.625,0.80994,0.81005,1.87,1.31
2017.09.18 17:18:30.574,0.80993,0.81004,1.69,1.12
2017.09.18 17:18:32.620,0.8099,0.80999,2.44,1.00
2017.09.18 17:18:33.133,0.8099,0.80999,1.25,1.00
2017.09.18 17:18:35.015,0.80992,0.80999,1.00,1.00
2017.09.18 17:18:35.525,0.8099,0.80999,1.50,1.00
2017.09.18 17:18:36.053,0.80991,0.80999,1.00,1.00
2017.09.18 17:18:37.352,0.8099,0.80999,1.50,1.00
2017.09.18 17:18:39.323,0.80992,0.80999,1.00,1.00
2017.09.18 17:18:47.264,0.80991,0.80999,1.00,1.00
2017.09.18 17:18:49.848,0.80992,0.80999,1.00,1.00
2017.09.18 17:18:50.852,0.80992,0.81,1.00,1.12
2017.09.18 17:18:52.651,0.8099,0.81,1.69,1.12
2017.09.18 17:18:53.154,0.80992,0.81,1.00,1.12
2017.09.18 17:18:54.023,0.80992,0.81002,1.12,1.00
2017.09.18 17:18:54.183,0.80991,0.80999,1.00,1.00
2017.09.18 17:18:54.709,0.8099,0.81001,3.37,2.25
2017.09.18 17:18:55.024,0.80993,0.81001,1.00,3.00
2017.09.18 17:18:55.403,0.8099,0.81001,3.00,2.25
2017.09.18 17:18:58.322,0.80991,0.81001,1.00,2.25
2017.09.18 17:19:02.586,0.80992,0.81001,1.50,1.00
2017.09.18 17:19:03.128,0.80991,0.81,1.00,1.25
2017.09.18 17:19:03.179,0.80992,0.81002,1.69,1.00
2017.09.18 17:19:03.230,0.80995,0.81005,1.00,2.62
2017.09.18 17:19:03.535,0.80998,0.81004,1.00,1.25
2017.09.18 17:19:03.932,0.80997,0.81006,1.00,1.87
2017.09.18 17:19:04.439,0.80997,0.81006,1.00,1.88
2017.09.18 17:19:04.987,0.80996,0.81006,1.69,1.00
2017.09.18 17:19:05.493,0.80997,0.81008,1.69,3.56
2017.09.18 17:19:07.684,0.80998,0.81008,1.00,1.88
2017.09.18 17:19:08.129,0.80998,0.81006,1.00,1.56
2017.09.18 17:19:08.433,0.80995,0.81001,1.00,1.00
2017.09.18 17:19:08.686,0.80992,0.81001,2.06,1.00
2017.09.18 17:19:08.870,0.80995,0.81005,1.00,3.19
2017.09.18 17:19:08.921,0.80995,0.81006,1.88,3.37
2017.09.18 17:19:09.428,0.80995,0.81006,1.50,2.81
2017.09.18 17:19:12.207,0.80995,0.81004,1.00,1.00
2017.09.18 17:19:12.310,0.80992,0.81004,2.44,2.81
2017.09.18 17:19:12.909,0.80993,0.81004,1.00,2.62
2017.09.18 17:19:14.384,0.80995,0.81004,1.00,2.81
2017.09.18 17:19:16.167,0.80993,0.81004,1.00,2.81
2017.09.18 17:19:17.778,0.80992,0.81003,2.44,1.00
2017.09.18 17:19:19.577,0.80993,0.81003,1.00,1.25
2017.09.18 17:19:21.307,0.80992,0.81,1.00,1.00
2017.09.18 17:19:21.762,0.8099,0.81,1.00,1.00
2017.09.18 17:19:23.553,0.80991,0.81,1.00,1.00
2017.09.18 17:19:23.856,0.80992,0.81003,1.50,1.69
2017.09.18 17:19:25.556,0.80991,0.81002,1.87,1.50
2017.09.18 17:19:26.062,0.80992,0.81003,1.50,1.69
2017.09.18 17:19:26.573,0.80993,0.81003,1.00,1.69
2017.09.18 17:19:27.311,0.80993,0.81002,1.00,1.00
2017.09.18 17:19:27.681,0.8099,0.81001,3.00,1.69
2017.09.18 17:19:31.468,0.8099,0.81001,1.50,2.06
2017.09.18 17:19:31.999,0.8099,0.81,1.50,1.00
2017.09.18 17:19:35.251,0.8099,0.81001,1.50,2.81
2017.09.18 17:19:35.830,0.8099,0.81,1.50,1.00
2017.09.18 17:19:40.277,0.8099,0.80999,1.00,1.00
2017.09.18 17:19:41.558,0.8099,0.80998,1.00,1.69
2017.09.18 17:19:41.776,0.80987,0.80998,1.00,3.00
2017.09.18 17:19:43.531,0.80986,0.80998,1.25,3.56
2017.09.18 17:19:44.076,0.80986,0.80997,1.25,1.50
2017.09.18 17:19:53.878,0.80988,0.80998,1.00,2.81
2017.09.18 17:19:54.182,0.80992,0.81002,1.25,2.25
2017.09.18 17:19:55.065,0.80992,0.81003,1.25,1.12
2017.09.18 17:19:58.006,0.80994,0.81003,1.00,1.12
2017.09.18 17:19:58.502,0.80992,0.81003,1.69,1.31
2017.09.18 17:20:00.168,0.8099,0.80999,2.44,1.00
2017.09.18 17:20:00.471,0.80989,0.80999,1.00,1.00
2017.09.18 17:20:01.021,0.80988,0.80998,1.00,1.50
2017.09.18 17:20:01.552,0.80989,0.80998,1.00,1.00
2017.09.18 17:20:02.064,0.80988,0.80998,1.00,2.25
2017.09.18 17:20:02.802,0.80987,0.80998,1.31,1.69
2017.09.18 17:20:04.665,0.80986,0.80997,3.19,1.25
2017.09.18 17:20:05.216,0.80986,0.80997,1.69,1.69
2017.09.18 17:20:06.009,0.80987,0.80997,1.00,1.25
2017.09.18 17:20:06.538,0.80986,0.80997,1.87,1.50
2017.09.18 17:20:07.401,0.80987,0.80997,1.00,1.00
2017.09.18 17:20:07.915,0.80987,0.80996,1.00,1.00
2017.09.18 17:20:08.424,0.80986,0.80996,1.88,1.00
2017.09.18 17:20:11.734,0.80987,0.80997,1.13,1.00
2017.09.18 17:20:12.405,0.80988,0.80997,2.62,1.00
2017.09.18 17:20:13.083,0.80988,0.80999,2.62,1.50
2017.09.18 17:20:13.191,0.80988,0.80996,1.50,1.00
2017.09.18 17:20:13.669,0.80985,0.80996,2.62,1.00
2017.09.18 17:20:17.899,0.80987,0.80996,1.00,1.00
2017.09.18 17:20:20.691,0.80985,0.80996,1.44,1.00
2017.09.18 17:20:20.844,0.80983,0.80994,2.81,1.50
2017.09.18 17:20:20.895,0.80983,0.80992,2.44,1.00
2017.09.18 17:20:21.245,0.80986,0.80994,1.00,1.50
2017.09.18 17:20:21.841,0.80985,0.80994,1.00,1.50
2017.09.18 17:20:22.814,0.80986,0.80994,1.00,1.50
2017.09.18 17:20:23.929,0.80991,0.80998,1.00,3.37
2017.09.18 17:20:24.030,0.80991,0.81,1.00,1.00
2017.09.18 17:20:24.540,0.80989,0.81,3.19,1.69
2017.09.18 17:20:30.344,0.80989,0.81,3.00,1.13
2017.09.18 17:20:30.850,0.8099,0.81,1.13,1.00
2017.09.18 17:20:32.939,0.80991,0.81001,1.44,1.00
2017.09.18 17:20:33.471,0.80991,0.81002,1.00,2.44
2017.09.18 17:20:34.057,0.80991,0.81002,1.88,2.06
2017.09.18 17:20:36.899,0.80993,0.81002,1.00,1.12
2017.09.18 17:20:37.417,0.80992,0.81002,1.13,1.12
2017.09.18 17:20:37.871,0.80994,0.81002,1.00,1.12
2017.09.18 17:20:38.347,0.80991,0.81001,1.00,1.00
2017.09.18 17:20:38.856,0.80991,0.81,1.00,1.50
2017.09.18 17:20:39.363,0.8099,0.81,1.25,2.44
2017.09.18 17:20:40.442,0.80989,0.81,1.88,1.25
2017.09.18 17:20:40.948,0.80989,0.81,2.81,1.00
2017.09.18 17:20:44.632,0.80991,0.81001,1.25,1.12
2017.09.18 17:20:47.712,0.8099,0.81001,2.62,1.87
2017.09.18 17:20:47.965,0.80989,0.80999,1.00,1.00
2017.09.18 17:20:48.511,0.80988,0.80999,3.94,1.00
2017.09.18 17:20:49.043,0.80991,0.80999,1.00,1.25
2017.09.18 17:20:49.632,0.80988,0.80999,3.00,1.69
2017.09.18 17:20:50.931,0.80988,0.81,4.73,1.69
2017.09.18 17:20:51.454,0.8099,0.81001,2.44,1.87
2017.09.18 17:20:52.006,0.8099,0.81,1.00,1.25
2017.09.18 17:20:52.204,0.80988,0.80999,4.50,1.25
2017.09.18 17:20:52.736,0.80989,0.81,1.00,1.87
2017.09.18 17:20:53.303,0.80992,0.81,1.00,1.00
2017.09.18 17:20:53.808,0.8099,0.80998,1.00,1.00
2017.09.18 17:20:54.377,0.80991,0.80998,1.00,1.00
2017.09.18 17:20:54.893,0.8099,0.80998,1.00,1.00
2017.09.18 17:20:54.964,0.8099,0.81,1.00,3.37
2017.09.18 17:20:55.952,0.80991,0.81,1.00,2.62
2017.09.18 17:20:58.251,0.8099,0.81,1.00,2.62
2017.09.18 17:20:58.883,0.80992,0.81002,1.50,1.12
2017.09.18 17:20:59.423,0.80992,0.81001,1.00,1.25
2017.09.18 17:21:00.189,0.80989,0.81,3.38,2.06
2017.09.18 17:21:00.645,0.80992,0.81001,1.00,2.44
2017.09.18 17:21:01.165,0.80993,0.81001,1.00,2.44
2017.09.18 17:21:02.768,0.8099,0.81001,1.69,2.44
2017.09.18 17:21:03.235,0.80993,0.81001,1.00,1.87
2017.09.18 17:21:03.923,0.80993,0.81001,1.00,1.69
2017.09.18 17:21:04.452,0.80993,0.81002,1.00,1.25
2017.09.18 17:21:06.159,0.80993,0.81003,1.00,1.87
2017.09.18 17:21:06.499,0.80995,0.81005,1.00,2.44
2017.09.18 17:21:07.672,0.80995,0.81005,1.00,2.25
2017.09.18 17:21:10.793,0.80995,0.81004,1.00,1.25
2017.09.18 17:21:14.468,0.80995,0.81005,1.00,2.06
2017.09.18 17:21:15.012,0.80995,0.81005,1.00,2.44
2017.09.18 17:21:15.387,0.80993,0.81004,1.69,1.12
2017.09.18 17:21:18.337,0.80994,0.81005,1.13,2.81
2017.09.18 17:21:18.888,0.80995,0.81004,1.00,1.69
2017.09.18 17:21:18.939,0.80993,0.81004,1.25,2.44
2017.09.18 17:21:21.322,0.80993,0.81004,1.25,2.62
2017.09.18 17:21:22.942,0.80993,0.81004,1.25,2.44
2017.09.18 17:21:23.044,0.80992,0.81003,1.69,1.44
2017.09.18 17:21:23.810,0.80993,0.81003,1.00,1.25
2017.09.18 17:21:24.114,0.80995,0.81005,1.00,1.69
2017.09.18 17:21:28.925,0.80995,0.81006,1.69,1.69
2017.09.18 17:21:29.598,0.80996,0.81007,1.69,1.69
2017.09.18 17:21:30.211,0.80996,0.81007,1.87,1.69
2017.09.18 17:21:32.214,0.80996,0.81007,3.19,1.25
2017.09.18 17:21:33.136,0.80996,0.81007,2.81,1.31
2017.09.18 17:21:35.548,0.80998,0.81007,1.00,1.31
2017.09.18 17:21:36.014,0.80996,0.81007,3.56,1.12
2017.09.18 17:21:41.066,0.80993,0.81003,2.25,1.87
2017.09.18 17:21:41.373,0.80993,0.80999,1.00,1.00
2017.09.18 17:21:41.525,0.80989,0.80999,2.25,1.00
2017.09.18 17:21:42.625,0.80991,0.81001,1.00,2.25
2017.09.18 17:21:43.148,0.80991,0.81,1.00,1.00
2017.09.18 17:21:43.669,0.80991,0.81001,1.00,2.06
2017.09.18 17:21:48.193,0.80991,0.81,1.50,1.00
2017.09.18 17:21:53.357,0.80991,0.81001,1.12,1.12
2017.09.18 17:21:53.938,0.80993,0.81002,1.00,2.44
2017.09.18 17:21:54.443,0.80992,0.81002,1.12,1.00
2017.09.18 17:21:54.965,0.80993,0.81002,1.00,1.00
2017.09.18 17:21:55.489,0.80993,0.81003,1.50,1.25
2017.09.18 17:21:58.147,0.80994,0.81003,1.00,1.25
2017.09.18 17:21:59.049,0.80993,0.81003,1.50,1.25
2017.09.18 17:21:59.715,0.80993,0.81004,1.50,2.25
2017.09.18 17:22:02.853,0.80993,0.81003,1.00,1.00
2017.09.18 17:22:03.710,0.80993,0.81004,1.50,2.25
2017.09.18 17:22:06.990,0.80993,0.81004,2.25,2.44
2017.09.18 17:22:09.307,0.80994,0.81004,1.00,2.25
2017.09.18 17:22:11.407,0.80994,0.81004,1.00,2.62
2017.09.18 17:22:12.823,0.80995,0.81004,1.00,2.62
2017.09.18 17:22:13.817,0.80996,0.81004,1.50,1.31
2017.09.18 17:22:14.321,0.80994,0.81005,1.00,3.19
2017.09.18 17:22:20.199,0.80994,0.81003,1.00,1.00
2017.09.18 17:22:21.259,0.80994,0.81004,1.00,1.31
2017.09.18 17:22:23.924,0.80996,0.81006,1.69,1.50
2017.09.18 17:22:24.025,0.80997,0.81007,1.69,1.25
2017.09.18 17:22:24.915,0.80999,0.81009,1.88,1.87
2017.09.18 17:22:25.168,0.80999,0.8101,2.81,1.25
2017.09.18 17:22:26.585,0.81001,0.8101,1.00,1.25
2017.09.18 17:22:27.112,0.80999,0.8101,2.06,1.25
2017.09.18 17:22:27.163,0.80998,0.81009,2.06,2.06
2017.09.18 17:22:29.230,0.80998,0.81009,1.25,1.31
2017.09.18 17:22:32.331,0.80998,0.81008,1.25,1.00
2017.09.18 17:22:32.668,0.80994,0.81005,2.10,2.06
2017.09.18 17:22:33.308,0.80996,0.81006,1.12,2.06
2017.09.18 17:22:33.837,0.80996,0.81006,1.12,1.31
2017.09.18 17:22:35.024,0.80994,0.81005,3.19,1.00
2017.09.18 17:22:37.576,0.80993,0.81004,2.25,2.44
2017.09.18 17:22:37.678,0.80993,0.81004,1.50,1.69
2017.09.18 17:22:44.106,0.80996,0.81005,1.00,1.12
2017.09.18 17:22:44.613,0.80996,0.81006,1.00,1.25
2017.09.18 17:22:45.196,0.80995,0.81005,1.12,1.00
2017.09.18 17:22:45.948,0.80995,0.81006,1.50,3.19
2017.09.18 17:22:47.100,0.80995,0.81005,1.50,1.00
2017.09.18 17:22:48.925,0.80993,0.81004,3.56,1.25
2017.09.18 17:22:48.976,0.80995,0.81005,1.63,1.00
2017.09.18 17:22:49.624,0.80996,0.81007,2.62,2.62
2017.09.18 17:22:53.468,0.80996,0.81007,3.37,1.69
2017.09.18 17:22:53.938,0.80999,0.81009,1.38,1.12
2017.09.18 17:22:54.443,0.81,0.81011,1.25,2.25
2017.09.18 17:22:55.004,0.81001,0.81011,1.00,2.25
2017.09.18 17:22:55.669,0.81001,0.81011,1.00,2.25
2017.09.18 17:22:56.175,0.81003,0.81011,1.00,2.25
2017.09.18 17:22:57.955,0.81,0.81011,1.31,2.06
2017.09.18 17:22:58.788,0.81003,0.81011,1.00,2.06
2017.09.18 17:22:59.071,0.80997,0.81007,1.00,2.06
2017.09.18 17:22:59.122,0.80996,0.81004,1.25,1.00
2017.09.18 17:23:00.009,0.80994,0.81004,1.87,1.00
2017.09.18 17:23:01.570,0.80996,0.81004,1.00,1.00
2017.09.18 17:23:02.339,0.80994,0.81004,2.06,1.00
2017.09.18 17:23:02.930,0.80995,0.81004,1.00,1.00
2017.09.18 17:23:03.450,0.80994,0.81004,1.87,1.00
2017.09.18 17:23:09.638,0.80996,0.81005,1.00,2.06
2017.09.18 17:23:09.982,0.80993,0.81004,1.69,1.50
2017.09.18 17:23:10.524,0.80993,0.81003,2.44,1.00
2017.09.18 17:23:11.387,0.80993,0.81004,2.44,1.50
2017.09.18 17:23:19.681,0.80995,0.81004,1.00,1.00
2017.09.18 17:23:19.833,0.80995,0.81006,1.50,2.25
2017.09.18 17:23:20.383,0.80994,0.81005,1.87,1.00
2017.09.18 17:23:22.863,0.80995,0.81006,1.69,3.00
2017.09.18 17:23:23.383,0.80995,0.81004,1.00,1.25
2017.09.18 17:23:28.151,0.80995,0.81005,1.00,1.69
2017.09.18 17:23:28.881,0.80995,0.81005,1.00,1.44
2017.09.18 17:23:29.880,0.80994,0.81005,1.69,2.44
2017.09.18 17:23:30.896,0.80994,0.81005,1.38,2.25
2017.09.18 17:23:31.250,0.80994,0.81002,1.12,1.69
2017.09.18 17:23:31.392,0.80991,0.81002,3.19,1.69
2017.09.18 17:23:31.898,0.80991,0.81001,1.00,1.87
2017.09.18 17:23:32.405,0.80991,0.81,1.00,1.25
2017.09.18 17:23:32.925,0.80989,0.80999,1.00,1.69
2017.09.18 17:23:34.826,0.80988,0.80999,1.25,1.50
2017.09.18 17:23:35.654,0.80989,0.80999,1.00,1.00
2017.09.18 17:23:36.424,0.80988,0.80999,1.00,1.69
2017.09.18 17:23:44.329,0.80989,0.80999,1.00,1.50
2017.09.18 17:23:45.179,0.80988,0.80997,1.00,1.00
2017.09.18 17:23:45.583,0.80986,0.80997,2.81,1.50
2017.09.18 17:23:46.940,0.80986,0.80996,1.00,1.25
2017.09.18 17:23:47.957,0.80984,0.80995,2.81,1.00
2017.09.18 17:23:48.470,0.80984,0.80996,2.81,2.06
2017.09.18 17:23:49.034,0.80984,0.80995,2.06,1.00
2017.09.18 17:23:49.085,0.80983,0.80993,2.25,1.00
2017.09.18 17:23:49.263,0.80981,0.80993,4.50,1.50
2017.09.18 17:23:49.783,0.80983,0.80994,2.25,1.12
2017.09.18 17:23:50.137,0.80981,0.80993,5.25,1.50
2017.09.18 17:23:51.069,0.80982,0.80993,1.00,1.00
2017.09.18 17:23:52.390,0.80981,0.80993,3.75,1.69
2017.09.18 17:23:52.981,0.80983,0.80994,1.69,2.44
2017.09.18 17:23:54.096,0.80984,0.80995,1.00,1.87
2017.09.18 17:23:54.710,0.80984,0.80994,1.00,1.00
2017.09.18 17:23:55.815,0.80985,0.80994,1.00,1.00
2017.09.18 17:23:56.743,0.80984,0.80994,1.00,1.00
2017.09.18 17:23:58.766,0.80983,0.80994,2.44,1.00
2017.09.18 17:23:59.320,0.80984,0.80994,1.00,1.00
2017.09.18 17:24:01.443,0.80985,0.80995,1.50,1.12
2017.09.18 17:24:01.999,0.80985,0.80996,1.00,1.12
2017.09.18 17:24:02.312,0.80987,0.80997,1.00,2.06
2017.09.18 17:24:03.484,0.80986,0.80997,1.00,2.81
2017.09.18 17:24:04.628,0.80985,0.80997,2.25,3.56
2017.09.18 17:24:04.982,0.80987,0.80997,1.00,1.87
2017.09.18 17:24:06.470,0.80986,0.80997,1.25,1.87
2017.09.18 17:24:06.810,0.80986,0.80994,1.25,1.00
2017.09.18 17:24:08.180,0.80986,0.80997,1.25,2.06
2017.09.18 17:24:09.649,0.80986,0.80995,1.25,1.00
2017.09.18 17:24:10.800,0.80984,0.80994,1.12,1.50
2017.09.18 17:24:11.313,0.80985,0.80995,1.00,2.62
2017.09.18 17:24:11.831,0.80985,0.80996,1.69,1.50
2017.09.18 17:24:12.332,0.80986,0.80996,2.25,1.00
2017.09.18 17:24:13.290,0.80986,0.80994,1.69,1.00
2017.09.18 17:24:13.955,0.80983,0.80994,4.69,1.00
2017.09.18 17:24:23.000,0.80985,0.80994,1.00,1.00
2017.09.18 17:24:23.548,0.80984,0.80994,1.31,1.00
2017.09.18 17:24:23.897,0.80987,0.80994,1.00,1.00
2017.09.18 17:24:23.947,0.80987,0.80997,1.50,1.87
2017.09.18 17:24:24.150,0.80988,0.80999,1.25,2.44
2017.09.18 17:24:26.514,0.80988,0.80999,2.06,2.06
2017.09.18 17:24:26.796,0.80988,0.80993,1.00,1.00
2017.09.18 17:24:26.949,0.80981,0.8099,2.25,1.00
2017.09.18 17:24:27.001,0.80981,0.80988,1.00,1.00
2017.09.18 17:24:27.154,0.8098,0.80991,1.69,1.00
2017.09.18 17:24:28.100,0.80979,0.80989,1.87,1.00
2017.09.18 17:24:28.303,0.80983,0.80993,1.25,1.69
2017.09.18 17:24:28.922,0.80982,0.80993,1.69,2.66
2017.09.18 17:24:29.226,0.80978,0.80987,1.00,1.87
2017.09.18 17:24:29.479,0.80976,0.80987,1.13,2.81
2017.09.18 17:24:31.089,0.80976,0.80986,1.12,1.00
2017.09.18 17:24:31.719,0.80976,0.80987,2.06,1.87
2017.09.18 17:24:32.685,0.80977,0.80987,1.25,2.06
2017.09.18 17:24:33.191,0.80976,0.80987,1.69,3.00
2017.09.18 17:24:33.739,0.80977,0.80987,1.00,2.06
2017.09.18 17:24:34.666,0.80979,0.80987,1.00,1.12
2017.09.18 17:24:35.176,0.80978,0.80987,1.12,1.12
2017.09.18 17:24:36.320,0.80977,0.80987,1.50,1.87
2017.09.18 17:24:38.364,0.80976,0.80987,2.44,2.06
2017.09.18 17:24:40.011,0.80975,0.80986,2.06,1.00
2017.09.18 17:24:40.528,0.80976,0.80986,2.25,1.00
2017.09.18 17:24:48.615,0.80977,0.80986,1.00,1.00
2017.09.18 17:24:49.298,0.80976,0.80986,2.25,1.00
2017.09.18 17:24:49.877,0.80977,0.80986,1.25,1.00
2017.09.18 17:24:50.548,0.80976,0.80986,2.25,1.00
2017.09.18 17:24:51.079,0.80977,0.80986,1.25,1.00
2017.09.18 17:24:51.613,0.80976,0.80986,3.19,1.00
2017.09.18 17:24:52.746,0.80977,0.80986,1.00,1.00
2017.09.18 17:24:53.297,0.80976,0.80986,2.25,1.00
2017.09.18 17:24:56.392,0.80977,0.80986,1.25,1.00
2017.09.18 17:24:57.469,0.80976,0.80986,1.87,1.00
2017.09.18 17:24:58.003,0.80977,0.80986,1.25,1.00
2017.09.18 17:25:02.307,0.80976,0.80986,2.62,1.00
2017.09.18 17:25:02.956,0.80977,0.80986,1.25,1.00
2017.09.18 17:25:03.515,0.80976,0.80986,2.44,1.00
2017.09.18 17:25:04.052,0.80977,0.80986,1.00,1.00
2017.09.18 17:25:04.596,0.80976,0.80986,2.81,1.00
2017.09.18 17:25:05.311,0.80977,0.80986,1.00,1.00
2017.09.18 17:25:06.973,0.80976,0.80986,2.44,1.00
2017.09.18 17:25:08.955,0.80977,0.80988,1.88,2.62
2017.09.18 17:25:09.499,0.80977,0.80988,1.50,1.87
2017.09.18 17:25:10.145,0.80977,0.80987,1.00,1.00
2017.09.18 17:25:10.694,0.80978,0.80987,1.00,1.00
2017.09.18 17:25:11.500,0.80978,0.80988,1.00,1.12
2017.09.18 17:25:14.203,0.80978,0.80987,1.00,1.00
2017.09.18 17:25:14.959,0.80978,0.80988,1.00,1.12
2017.09.18 17:25:15.496,0.80978,0.80987,1.00,1.00
2017.09.18 17:25:17.958,0.80978,0.80988,1.00,1.25
2017.09.18 17:25:18.669,0.80978,0.80987,1.00,1.00
2017.09.18 17:25:19.894,0.80978,0.80988,1.00,1.25
2017.09.18 17:25:20.692,0.80978,0.80987,1.00,1.00
2017.09.18 17:25:21.393,0.80978,0.80988,1.00,1.25
2017.09.18 17:25:21.898,0.80978,0.80989,1.00,2.25
2017.09.18 17:25:22.644,0.80978,0.80988,1.00,1.00
2017.09.18 17:25:22.959,0.8098,0.80989,1.13,1.12
2017.09.18 17:25:23.460,0.80979,0.8099,1.25,2.81
2017.09.18 17:25:23.998,0.80979,0.8099,1.87,2.44
2017.09.18 17:25:24.488,0.80978,0.8099,2.25,2.44
2017.09.18 17:25:24.701,0.80978,0.8099,2.25,2.63
2017.09.18 17:25:24.752,0.80978,0.8099,2.25,2.63
2017.09.18 17:25:25.020,0.80978,0.8099,3.00,2.44
2017.09.18 17:25:25.172,0.80978,0.8099,3.00,2.62
2017.09.18 17:25:25.738,0.80979,0.8099,1.25,2.44
2017.09.18 17:25:26.249,0.80979,0.8099,1.44,2.44
2017.09.18 17:25:26.754,0.80979,0.8099,1.25,2.62
2017.09.18 17:25:27.719,0.80979,0.8099,1.44,2.44
2017.09.18 17:25:28.931,0.80979,0.8099,1.63,1.50
2017.09.18 17:25:29.450,0.8098,0.8099,1.25,1.88
2017.09.18 17:25:33.414,0.80981,0.8099,1.00,1.50
2017.09.18 17:25:33.624,0.80981,0.80992,1.69,1.87
2017.09.18 17:25:33.674,0.80981,0.8099,1.69,1.00
2017.09.18 17:25:34.180,0.80982,0.80991,1.00,1.25
2017.09.18 17:25:34.700,0.8098,0.80991,3.00,1.25
2017.09.18 17:25:35.292,0.8098,0.80989,1.50,1.00
2017.09.18 17:25:35.932,0.80979,0.80989,1.00,1.00
2017.09.18 17:25:36.854,0.80979,0.80988,1.00,1.25
2017.09.18 17:25:37.364,0.80979,0.80989,1.00,1.25
2017.09.18 17:25:39.052,0.80979,0.8099,1.00,2.44
2017.09.18 17:25:39.879,0.80979,0.8099,1.00,2.44
2017.09.18 17:25:40.403,0.80979,0.8099,1.00,2.44
2017.09.18 17:25:40.978,0.80979,0.80989,1.00,1.00
2017.09.18 17:25:46.703,0.8098,0.8099,1.87,1.50
2017.09.18 17:25:47.008,0.80984,0.80994,1.31,1.75
2017.09.18 17:25:47.059,0.80984,0.80994,1.25,1.12
2017.09.18 17:25:50.192,0.80983,0.80992,1.00,1.00
2017.09.18 17:25:50.394,0.80983,0.80994,1.50,3.00
2017.09.18 17:25:51.084,0.80984,0.80994,1.00,1.31
2017.09.18 17:25:52.958,0.80987,0.80997,1.50,2.25
2017.09.18 17:25:53.060,0.80987,0.80997,1.50,1.12
2017.09.18 17:25:53.749,0.80987,0.80996,1.00,1.12
2017.09.18 17:25:55.199,0.80987,0.80995,1.00,1.00
2017.09.18 17:25:57.494,0.80987,0.80996,1.00,1.12
2017.09.18 17:25:58.045,0.80987,0.80995,1.00,1.00
2017.09.18 17:25:58.742,0.80987,0.80996,1.00,1.12
2017.09.18 17:25:59.819,0.80987,0.80995,1.00,1.00
2017.09.18 17:26:00.256,0.80983,0.80993,3.00,1.00
2017.09.18 17:26:00.802,0.80983,0.80993,1.00,1.00
2017.09.18 17:26:01.471,0.80981,0.80991,2.44,1.00
2017.09.18 17:26:01.989,0.80979,0.8099,2.47,1.12
2017.09.18 17:26:02.499,0.80981,0.8099,1.00,1.87
2017.09.18 17:26:03.045,0.80982,0.80992,1.00,1.19
2017.09.18 17:26:03.096,0.80982,0.80993,2.06,2.62
2017.09.18 17:26:03.299,0.80984,0.80993,1.00,1.00
2017.09.18 17:26:04.094,0.80984,0.80994,1.00,1.69
2017.09.18 17:26:05.191,0.80984,0.80995,1.87,2.25
2017.09.18 17:26:05.720,0.80985,0.80995,1.50,1.00
2017.09.18 17:26:06.236,0.80985,0.80994,1.50,1.00
2017.09.18 17:26:06.781,0.80984,0.80994,1.00,2.44
2017.09.18 17:26:07.390,0.80983,0.80994,2.25,1.69
2017.09.18 17:26:08.142,0.80984,0.80994,1.00,1.69
2017.09.18 17:26:08.852,0.80983,0.80994,2.25,1.69
2017.09.18 17:26:09.398,0.80983,0.80993,1.00,1.00
2017.09.18 17:26:10.644,0.80982,0.80991,1.25,1.00
2017.09.18 17:26:11.169,0.80981,0.80991,1.25,1.50
2017.09.18 17:26:11.793,0.80982,0.80991,1.00,1.00
2017.09.18 17:26:13.402,0.80981,0.80991,1.50,2.44
2017.09.18 17:26:13.715,0.80981,0.80988,1.00,1.00
2017.09.18 17:26:13.891,0.80979,0.80988,1.00,1.00
2017.09.18 17:26:14.044,0.8098,0.8099,1.00,1.25
2017.09.18 17:26:18.508,0.80979,0.80988,1.87,1.00
2017.09.18 17:26:19.017,0.80979,0.80987,1.00,1.00
2017.09.18 17:26:19.068,0.80977,0.80987,3.37,1.25
2017.09.18 17:26:20.232,0.80979,0.80989,1.00,1.62
2017.09.18 17:26:21.625,0.80979,0.8099,1.88,2.81
2017.09.18 17:26:22.133,0.80978,0.80989,3.19,1.12
2017.09.18 17:26:23.169,0.80978,0.80988,1.50,1.12
2017.09.18 17:26:23.786,0.80977,0.80988,3.37,1.25
2017.09.18 17:26:25.305,0.80978,0.80988,1.00,1.25
2017.09.18 17:26:25.811,0.80977,0.80988,3.56,1.25
2017.09.18 17:26:25.981,0.80979,0.8099,1.00,2.25
2017.09.18 17:26:26.580,0.80978,0.80989,1.69,1.87
2017.09.18 17:26:29.280,0.80977,0.80988,4.31,1.69
2017.09.18 17:26:29.821,0.80977,0.80987,1.87,1.13
2017.09.18 17:26:30.796,0.80977,0.80988,1.87,2.81
2017.09.18 17:26:31.535,0.80975,0.80985,2.25,1.00
2017.09.18 17:26:31.738,0.80975,0.80985,1.00,1.00
2017.09.18 17:26:33.680,0.80974,0.80985,3.37,1.50
2017.09.18 17:26:34.205,0.80975,0.80985,1.00,1.00
2017.09.18 17:26:34.894,0.80975,0.80985,1.88,1.00
2017.09.18 17:26:35.411,0.80975,0.80985,1.50,1.00
2017.09.18 17:26:36.886,0.80975,0.80986,1.50,1.50
2017.09.18 17:26:41.104,0.80975,0.80986,2.63,1.31
2017.09.18 17:26:41.408,0.80978,0.80989,2.06,3.37
2017.09.18 17:26:41.712,0.80981,0.80989,1.00,1.12
2017.09.18 17:26:43.662,0.80981,0.8099,1.00,2.47
2017.09.18 17:26:46.349,0.80979,0.8099,1.69,3.23
2017.09.18 17:26:55.903,0.80979,0.8099,1.69,1.88
2017.09.18 17:26:57.887,0.80979,0.8099,1.50,1.87
2017.09.18 17:27:02.372,0.80978,0.8099,2.81,3.19
2017.09.18 17:27:02.910,0.8098,0.8099,1.00,3.19
2017.09.18 17:27:06.230,0.8098,0.80988,1.12,1.54
2017.09.18 17:27:06.383,0.80976,0.80988,3.75,1.69
2017.09.18 17:27:06.910,0.80977,0.80987,1.12,1.00
2017.09.18 17:27:07.214,0.80979,0.80987,1.00,1.00
2017.09.18 17:27:07.844,0.80977,0.80987,1.12,1.00
2017.09.18 17:27:08.397,0.80978,0.80988,1.00,1.00
2017.09.18 17:27:08.921,0.80979,0.80989,1.00,1.50
2017.09.18 17:27:12.628,0.80979,0.8099,1.50,2.44
2017.09.18 17:27:13.217,0.80979,0.80989,1.50,1.00
2017.09.18 17:27:15.467,0.80979,0.80986,1.00,1.00
2017.09.18 17:27:15.751,0.80977,0.80986,1.00,1.00
2017.09.18 17:27:17.652,0.80978,0.80986,1.00,1.00
2017.09.18 17:27:18.195,0.80977,0.80986,1.00,1.00
2017.09.18 17:27:21.649,0.80978,0.80986,1.00,1.50
2017.09.18 17:27:22.395,0.80977,0.80986,1.00,1.50
2017.09.18 17:27:22.649,0.80974,0.80985,1.31,1.69
2017.09.18 17:27:23.619,0.80975,0.80985,1.00,1.50
2017.09.18 17:27:24.396,0.80976,0.80985,1.00,1.50
2017.09.18 17:27:24.946,0.80975,0.80985,1.00,1.50
2017.09.18 17:27:25.461,0.80976,0.80985,1.00,1.50
2017.09.18 17:27:28.530,0.80975,0.80985,1.00,1.50
2017.09.18 17:27:29.060,0.80976,0.80985,1.00,1.50
2017.09.18 17:27:31.146,0.80975,0.80985,1.00,2.06
2017.09.18 17:27:31.650,0.80976,0.80985,1.00,1.12
2017.09.18 17:27:31.803,0.80978,0.80987,1.13,1.75
2017.09.18 17:27:31.955,0.80977,0.80988,3.56,1.12
2017.09.18 17:27:32.851,0.80978,0.80989,2.63,2.62
2017.09.18 17:27:33.028,0.80979,0.8099,1.88,1.69
2017.09.18 17:27:33.554,0.8098,0.8099,1.69,1.00
2017.09.18 17:27:37.585,0.80981,0.80991,1.00,1.50
2017.09.18 17:27:39.245,0.80986,0.80992,1.00,2.44
2017.09.18 17:27:39.347,0.80986,0.80993,1.00,1.00
2017.09.18 17:27:39.398,0.80989,0.80996,1.00,2.25
2017.09.18 17:27:39.551,0.80991,0.81002,1.50,3.37
2017.09.18 17:27:39.956,0.80993,0.81002,1.00,1.87
2017.09.18 17:27:40.296,0.80993,0.81003,1.00,1.12
2017.09.18 17:27:48.804,0.80994,0.81004,1.00,1.69
2017.09.18 17:27:48.966,0.80998,0.81007,1.12,1.00
2017.09.18 17:27:49.472,0.80997,0.81008,1.12,1.44
2017.09.18 17:27:49.808,0.80995,0.81005,1.75,1.00
2017.09.18 17:27:49.984,0.80995,0.81005,1.00,1.00
2017.09.18 17:27:52.820,0.80995,0.81004,1.00,1.25
2017.09.18 17:27:53.370,0.80993,0.81002,1.50,1.31
2017.09.18 17:27:53.572,0.80991,0.81002,2.25,1.87
2017.09.18 17:27:53.926,0.80993,0.81002,1.00,1.00
2017.09.18 17:27:54.915,0.80996,0.81003,1.00,1.12
2017.09.18 17:27:55.169,0.80996,0.81006,2.25,1.25
2017.09.18 17:27:55.528,0.80996,0.81004,1.50,1.00
2017.09.18 17:27:55.909,0.80993,0.81004,3.37,1.00
2017.09.18 17:27:57.354,0.80993,0.81003,2.62,1.00
2017.09.18 17:27:57.650,0.80993,0.81002,1.50,1.44
2017.09.18 17:27:57.954,0.80993,0.81003,1.00,1.25
2017.09.18 17:27:58.208,0.80991,0.81002,2.62,1.25
2017.09.18 17:27:58.985,0.80991,0.81001,1.12,1.00
2017.09.18 17:27:59.501,0.80991,0.81002,1.12,1.25
2017.09.18 17:27:59.949,0.80993,0.81003,1.00,1.00
2017.09.18 17:28:00.254,0.80993,0.81001,1.00,1.25
2017.09.18 17:28:00.558,0.80995,0.81002,1.00,1.12
2017.09.18 17:28:00.987,0.80991,0.81001,1.00,1.25
2017.09.18 17:28:01.695,0.80991,0.81,1.00,1.00
2017.09.18 17:28:04.205,0.80993,0.81002,1.00,1.31
2017.09.18 17:28:05.221,0.80991,0.81001,1.50,1.25
2017.09.18 17:28:08.930,0.80991,0.81002,1.50,1.25
2017.09.18 17:28:09.032,0.80995,0.81002,1.00,1.25
2017.09.18 17:28:09.235,0.80995,0.81005,1.00,1.87
2017.09.18 17:28:09.881,0.80995,0.81004,1.00,1.12
2017.09.18 17:28:10.879,0.80995,0.81003,1.00,1.00
2017.09.18 17:28:11.344,0.81002,0.81009,1.00,2.19
2017.09.18 17:28:11.647,0.80998,0.8101,4.12,1.69
2017.09.18 17:28:12.045,0.81004,0.81012,1.00,1.25
2017.09.18 17:28:12.603,0.81004,0.81013,1.00,1.69
2017.09.18 17:28:14.860,0.81006,0.81014,1.00,1.12
2017.09.18 17:28:15.406,0.81006,0.81015,1.00,1.00
2017.09.18 17:28:17.061,0.81008,0.81016,1.00,1.00
2017.09.18 17:28:18.560,0.81007,0.81014,1.12,1.00
2017.09.18 17:28:18.885,0.81004,0.81013,1.50,1.25
2017.09.18 17:28:19.870,0.81002,0.81012,2.25,1.00
2017.09.18 17:28:20.023,0.81002,0.81012,1.50,1.00
2017.09.18 17:28:20.883,0.81002,0.81011,1.00,1.25
2017.09.18 17:28:21.409,0.81,0.81011,1.87,1.69
2017.09.18 17:28:23.958,0.81005,0.81014,1.00,1.12
2017.09.18 17:28:24.352,0.81007,0.81016,1.00,1.25
2017.09.18 17:28:24.957,0.81009,0.81017,1.00,1.12
2017.09.18 17:28:25.464,0.81009,0.81018,1.00,1.12
2017.09.18 17:28:26.025,0.81009,0.81018,1.00,1.44
2017.09.18 17:28:28.473,0.81009,0.81018,1.50,1.69
2017.09.18 17:28:28.981,0.81009,0.81018,1.00,1.44
2017.09.18 17:28:30.165,0.81006,0.81015,2.25,1.63
2017.09.18 17:28:30.267,0.81004,0.81014,1.50,2.25
2017.09.18 17:28:30.470,0.81002,0.81013,1.50,2.06
2017.09.18 17:28:30.977,0.81002,0.81011,1.50,1.00
2017.09.18 17:28:32.126,0.81002,0.81013,1.50,1.00
2017.09.18 17:28:32.633,0.81,0.81012,1.50,2.62
2017.09.18 17:28:33.773,0.81,0.8101,1.50,1.25
2017.09.18 17:28:34.278,0.81,0.81011,1.50,1.25
2017.09.18 17:28:41.752,0.81003,0.81012,1.00,1.25
2017.09.18 17:28:42.502,0.81002,0.81011,1.00,1.25
2017.09.18 17:28:48.950,0.81002,0.8101,1.00,1.00
2017.09.18 17:28:49.712,0.81003,0.81012,1.35,1.19
2017.09.18 17:28:49.916,0.81009,0.81019,1.00,1.69
2017.09.18 17:28:49.967,0.81012,0.81019,1.00,1.62
2017.09.18 17:28:50.170,0.81009,0.81016,1.12,1.00
2017.09.18 17:28:50.424,0.81004,0.81015,2.81,1.00
2017.09.18 17:28:50.829,0.81004,0.81013,1.50,1.00
2017.09.18 17:28:51.295,0.81007,0.81013,1.00,1.00
2017.09.18 17:28:51.488,0.81009,0.81017,1.00,1.25
2017.09.18 17:28:51.691,0.81009,0.81019,1.12,1.25
2017.09.18 17:28:52.207,0.81009,0.8102,2.25,1.00
2017.09.18 17:28:52.309,0.81012,0.81021,1.00,1.69
2017.09.18 17:28:52.664,0.81014,0.81022,1.00,2.06
2017.09.18 17:28:52.969,0.81014,0.81024,1.50,1.69
2017.09.18 17:28:53.540,0.81014,0.81025,2.25,1.69
2017.09.18 17:28:54.196,0.81014,0.81024,1.00,2.06
2017.09.18 17:28:56.644,0.81014,0.81022,1.00,1.25
2017.09.18 17:28:56.797,0.81009,0.8102,2.44,1.69
2017.09.18 17:28:57.245,0.81008,0.81019,1.69,1.25
2017.09.18 17:28:57.726,0.8101,0.8102,1.00,1.44
2017.09.18 17:28:58.228,0.8101,0.8102,1.00,1.12
2017.09.18 17:28:58.790,0.8101,0.81021,2.06,1.50
2017.09.18 17:29:00.131,0.8101,0.81021,2.06,2.81
2017.09.18 17:29:00.754,0.8101,0.81021,2.06,2.62
2017.09.18 17:29:01.233,0.81013,0.81022,1.00,1.12
2017.09.18 17:29:01.580,0.81013,0.81024,1.25,1.87
2017.09.18 17:29:02.139,0.81013,0.81024,1.50,1.87
2017.09.18 17:29:02.648,0.81013,0.81022,1.00,1.00
2017.09.18 17:29:02.751,0.81013,0.81025,2.44,1.87
2017.09.18 17:29:03.005,0.81017,0.81026,1.00,2.25
2017.09.18 17:29:03.521,0.81017,0.81026,1.00,1.69
2017.09.18 17:29:03.742,0.81017,0.81025,1.00,1.44
2017.09.18 17:29:06.521,0.81015,0.81025,1.50,1.62
2017.09.18 17:29:07.105,0.81015,0.81026,1.50,1.44
2017.09.18 17:29:07.654,0.81015,0.81026,1.50,1.69
2017.09.18 17:29:08.270,0.81015,0.81026,1.50,1.87
2017.09.18 17:29:09.423,0.81015,0.81026,2.44,1.25
2017.09.18 17:29:10.127,0.81014,0.81023,1.75,1.25
2017.09.18 17:29:10.228,0.81013,0.81022,1.00,1.12
2017.09.18 17:29:10.941,0.81013,0.81023,1.88,1.00
2017.09.18 17:29:11.463,0.81013,0.81024,1.69,2.44
2017.09.18 17:29:13.529,0.81013,0.81024,1.88,1.69
2017.09.18 17:29:13.776,0.8101,0.81016,1.75,1.25
2017.09.18 17:29:13.928,0.8101,0.81016,1.00,1.00
2017.09.18 17:29:14.219,0.81005,0.81016,3.19,1.00
2017.09.18 17:29:14.722,0.81005,0.81017,3.19,1.87
2017.09.18 17:29:16.413,0.81006,0.81017,1.00,1.87
2017.09.18 17:29:16.740,0.81008,0.81018,1.12,1.12
2017.09.18 17:29:16.929,0.81005,0.81016,2.25,1.00
2017.09.18 17:29:17.491,0.81005,0.81017,2.25,2.62
2017.09.18 17:29:17.862,0.81007,0.81017,1.00,1.00
2017.09.18 17:29:18.519,0.81007,0.81018,1.50,2.25
2017.09.18 17:29:19.152,0.81007,0.81017,1.50,1.00
2017.09.18 17:29:19.755,0.81007,0.81016,1.00,1.00
2017.09.18 17:29:20.811,0.81007,0.81017,1.00,1.25
2017.09.18 17:29:21.468,0.81007,0.81016,1.00,1.00
2017.09.18 17:29:22.977,0.81007,0.81017,1.00,1.87
2017.09.18 17:29:23.885,0.81006,0.81017,1.00,2.62
2017.09.18 17:29:24.203,0.81004,0.81012,1.12,1.69
2017.09.18 17:29:24.355,0.81001,0.81012,2.25,1.69
2017.09.18 17:29:24.457,0.81004,0.81014,1.00,2.25
2017.09.18 17:29:24.963,0.81003,0.81013,1.50,1.25
2017.09.18 17:29:25.264,0.81002,0.8101,1.00,2.06
2017.09.18 17:29:25.365,0.80999,0.81009,1.50,1.25
2017.09.18 17:29:25.669,0.81001,0.8101,1.00,1.00
2017.09.18 17:29:27.144,0.81003,0.8101,1.00,1.69
2017.09.18 17:29:27.719,0.81003,0.81011,1.00,1.25
2017.09.18 17:29:28.749,0.81003,0.81013,1.00,2.85
2017.09.18 17:29:29.224,0.81001,0.8101,1.00,1.25
2017.09.18 17:29:29.528,0.81008,0.81017,1.00,2.25
2017.09.18 17:29:29.579,0.81008,0.81017,1.00,1.87
2017.09.18 17:29:29.934,0.81005,0.81015,1.87,1.25
2017.09.18 17:29:32.138,0.81005,0.81016,1.87,1.69
2017.09.18 17:29:32.240,0.81008,0.81015,1.00,1.25
2017.09.18 17:29:32.291,0.81006,0.81015,1.00,1.88
2017.09.18 17:29:32.811,0.81005,0.81014,1.12,1.25
2017.09.18 17:29:34.908,0.81005,0.8101,1.12,1.00
2017.09.18 17:29:34.960,0.81001,0.81012,1.87,1.25
2017.09.18 17:29:35.011,0.81001,0.81012,1.00,1.25
2017.09.18 17:29:35.214,0.81001,0.8101,1.00,1.12
2017.09.18 17:29:38.281,0.81001,0.81011,1.00,1.25
2017.09.18 17:29:38.787,0.81001,0.8101,1.00,2.06
2017.09.18 17:29:39.131,0.80999,0.8101,1.50,1.87
2017.09.18 17:29:39.671,0.80999,0.8101,1.00,2.06
2017.09.18 17:29:44.647,0.81,0.8101,1.00,1.69
2017.09.18 17:29:49.064,0.81,0.81011,1.00,3.00
2017.09.18 17:29:50.832,0.80999,0.81011,1.50,3.00
2017.09.18 17:29:51.750,0.81,0.81011,1.00,3.00
2017.09.18 17:29:52.938,0.81003,0.81012,1.50,1.50
2017.09.18 17:29:53.039,0.81005,0.81014,1.00,1.25
2017.09.18 17:29:53.554,0.81005,0.81014,1.50,1.25
2017.09.18 17:29:53.943,0.81009,0.81017,1.00,1.69
2017.09.18 17:29:55.963,0.81009,0.81015,1.00,1.91
2017.09.18 17:29:56.217,0.81001,0.8101,1.00,1.44
2017.09.18 17:29:56.722,0.81001,0.8101,1.00,1.12
2017.09.18 17:29:57.823,0.81001,0.8101,1.00,1.31
2017.09.18 17:29:58.387,0.80999,0.81009,2.25,1.25
2017.09.18 17:30:00.200,0.80999,0.81009,1.50,1.87
2017.09.18 17:30:00.454,0.80999,0.81009,1.12,1.69
2017.09.18 17:30:00.962,0.80999,0.81008,1.12,1.87
2017.09.18 17:30:02.578,0.80999,0.81009,1.87,1.25
2017.09.18 17:30:07.029,0.81,0.81009,1.69,1.25
2017.09.18 17:30:10.857,0.81,0.81008,1.00,1.00
2017.09.18 17:30:13.051,0.81002,0.81009,1.00,1.69
2017.09.18 17:30:14.985,0.81,0.81009,1.00,1.69
2017.09.18 17:30:23.013,0.81,0.8101,1.50,1.25
2017.09.18 17:30:23.805,0.80999,0.8101,1.31,2.63
2017.09.18 17:30:23.957,0.81002,0.8101,1.00,1.00
2017.09.18 17:30:24.509,0.81002,0.81011,1.12,1.25
2017.09.18 17:30:25.690,0.81002,0.8101,1.12,1.00
2017.09.18 17:30:41.800,0.81002,0.81011,1.12,1.87
2017.09.18 17:30:43.298,0.81002,0.81011,1.12,1.56
2017.09.18 17:30:44.252,0.81002,0.81009,1.12,1.00
2017.09.18 17:30:45.145,0.81002,0.8101,1.12,1.12
2017.09.18 17:30:48.804,0.81002,0.8101,1.12,1.44
2017.09.18 17:30:49.679,0.81002,0.81011,1.12,1.87
2017.09.18 17:30:52.975,0.81002,0.81011,1.00,1.69
2017.09.18 17:30:53.229,0.81004,0.81014,1.00,2.25
2017.09.18 17:30:53.798,0.81004,0.81014,1.00,2.25
2017.09.18 17:30:53.963,0.81006,0.81014,1.00,1.12
2017.09.18 17:30:54.287,0.81011,0.81019,1.00,1.88
2017.09.18 17:30:54.746,0.81009,0.81016,1.50,1.13
2017.09.18 17:30:54.999,0.81006,0.81016,1.00,1.38
2017.09.18 17:30:55.562,0.81006,0.81016,1.00,1.25
2017.09.18 17:30:58.446,0.81006,0.81016,1.00,1.38
2017.09.18 17:30:58.690,0.81,0.81011,3.75,1.13
2017.09.18 17:31:03.514,0.81001,0.81011,1.00,1.13
2017.09.18 17:31:04.184,0.81,0.81012,2.25,2.81
2017.09.18 17:31:04.728,0.81,0.81011,1.31,1.44
2017.09.18 17:31:05.886,0.81,0.81011,1.31,1.12
2017.09.18 17:31:08.720,0.81003,0.81012,1.00,1.25
2017.09.18 17:31:08.872,0.81003,0.81015,1.69,3.00
2017.09.18 17:31:10.815,0.81005,0.81015,1.00,1.44
2017.09.18 17:31:12.678,0.81005,0.81015,1.00,1.25
2017.09.18 17:31:15.792,0.81006,0.81016,1.00,2.25
2017.09.18 17:31:15.944,0.81007,0.81018,2.44,1.50
2017.09.18 17:31:16.668,0.81007,0.81018,1.69,2.25
2017.09.18 17:31:17.683,0.81007,0.81018,2.06,2.06
2017.09.18 17:31:17.885,0.81007,0.81013,1.50,1.25
2017.09.18 17:31:18.100,0.80999,0.8101,6.00,1.00
2017.09.18 17:31:18.151,0.81001,0.8101,1.00,1.00
2017.09.18 17:31:18.458,0.80999,0.81008,1.12,1.50
2017.09.18 17:31:18.868,0.81006,0.81015,1.00,1.62
2017.09.18 17:31:18.920,0.81006,0.81015,1.00,1.00
2017.09.18 17:31:19.425,0.81006,0.81016,1.00,1.25
2017.09.18 17:31:20.167,0.81007,0.81017,1.00,3.23
2017.09.18 17:31:22.011,0.81005,0.81016,1.25,1.88
2017.09.18 17:31:23.189,0.81005,0.81016,1.00,1.50
2017.09.18 17:31:25.203,0.81005,0.81016,1.00,1.87
2017.09.18 17:31:30.278,0.81004,0.81016,3.75,1.87
2017.09.18 17:31:31.162,0.81006,0.81016,1.00,1.19
2017.09.18 17:31:31.676,0.81006,0.81016,1.00,1.25
2017.09.18 17:31:32.981,0.81006,0.81017,1.69,2.06
2017.09.18 17:31:35.763,0.81007,0.81018,1.69,2.10
2017.09.18 17:31:40.537,0.81008,0.81018,1.00,1.31
2017.09.18 17:31:41.188,0.81007,0.81018,2.44,1.50
2017.09.18 17:31:41.820,0.81007,0.81018,1.69,1.31
2017.09.18 17:31:45.621,0.81009,0.81019,1.69,1.50
2017.09.18 17:31:46.120,0.81009,0.8102,1.69,3.04
2017.09.18 17:31:48.441,0.81009,0.8102,1.69,3.22
2017.09.18 17:31:52.981,0.81009,0.8102,1.00,1.69
2017.09.18 17:31:53.991,0.8101,0.8102,1.25,1.25
2017.09.18 17:31:55.484,0.81009,0.81019,1.00,1.25
2017.09.18 17:31:55.921,0.81007,0.81018,3.19,1.44
2017.09.18 17:31:56.478,0.81007,0.81018,1.69,2.25
2017.09.18 17:31:56.869,0.81006,0.81016,1.00,1.87
2017.09.18 17:31:57.435,0.81006,0.81016,1.00,1.69
2017.09.18 17:31:57.785,0.81006,0.81015,1.00,1.44
2017.09.18 17:31:59.337,0.81004,0.81014,1.50,1.12
2017.09.18 17:31:59.583,0.81001,0.81012,2.06,1.00
2017.09.18 17:32:00.100,0.81002,0.81012,1.25,1.12
2017.09.18 17:32:00.650,0.81001,0.81012,1.25,1.12
2017.09.18 17:32:10.644,0.81,0.81011,2.44,1.25
2017.09.18 17:32:11.151,0.81001,0.81012,1.25,2.25
2017.09.18 17:32:11.652,0.81002,0.81012,1.00,1.50
2017.09.18 17:32:15.329,0.81001,0.81013,1.69,2.62
2017.09.18 17:32:23.928,0.81003,0.81012,1.00,1.25
2017.09.18 17:32:24.457,0.81004,0.81013,1.25,1.00
2017.09.18 17:32:24.976,0.81008,0.81016,1.00,1.75
2017.09.18 17:32:25.128,0.81008,0.81017,1.00,1.44
2017.09.18 17:32:25.229,0.81005,0.81016,1.31,1.69
2017.09.18 17:32:25.331,0.81004,0.81014,1.50,2.06
2017.09.18 17:32:25.707,0.81002,0.81013,1.87,1.50
2017.09.18 17:32:26.212,0.81002,0.81012,2.06,1.00
2017.09.18 17:32:26.720,0.81002,0.81013,2.06,1.25
2017.09.18 17:32:35.808,0.81003,0.81013,1.25,1.25
2017.09.18 17:32:41.802,0.81003,0.81014,1.25,1.69
2017.09.18 17:32:42.334,0.81004,0.81014,1.00,1.69
2017.09.18 17:32:46.559,0.81003,0.81014,1.25,1.87
2017.09.18 17:32:47.061,0.81004,0.81014,1.00,1.69
2017.09.18 17:32:47.920,0.81006,0.81015,1.69,1.12
2017.09.18 17:32:48.350,0.81006,0.81017,1.69,2.06
2017.09.18 17:32:52.754,0.81006,0.81016,1.00,1.25
2017.09.18 17:32:53.275,0.81006,0.81017,2.44,1.12
2017.09.18 17:32:53.930,0.81008,0.81017,1.00,1.12
2017.09.18 17:32:54.434,0.81007,0.81018,2.06,1.87
2017.09.18 17:32:54.940,0.81007,0.81019,2.06,2.81
2017.09.18 17:33:00.464,0.81007,0.81017,1.12,1.25
2017.09.18 17:33:00.985,0.81006,0.81017,1.50,2.62
2017.09.18 17:33:02.906,0.81005,0.81015,2.00,1.00
2017.09.18 17:33:03.007,0.81003,0.81013,1.31,1.00
2017.09.18 17:33:05.171,0.81002,0.81012,3.19,1.00
2017.09.18 17:33:06.050,0.81002,0.81012,1.50,2.47
2017.09.18 17:33:06.102,0.81,0.81009,1.75,1.25
2017.09.18 17:33:06.203,0.80999,0.81007,1.12,1.00
2017.09.18 17:33:06.640,0.80997,0.81007,1.69,1.50
2017.09.18 17:33:07.182,0.80997,0.81008,1.69,1.69
2017.09.18 17:33:07.292,0.81002,0.8101,1.00,1.50
2017.09.18 17:33:07.841,0.81001,0.8101,1.25,1.00
2017.09.18 17:33:20.160,0.81001,0.81009,1.25,1.00
2017.09.18 17:33:22.986,0.80998,0.81009,2.06,1.50
2017.09.18 17:33:23.138,0.80998,0.81007,1.00,1.00
2017.09.18 17:33:23.694,0.80997,0.81007,1.25,1.00
2017.09.18 17:33:24.045,0.81002,0.81009,1.00,1.12
2017.09.18 17:33:24.619,0.81002,0.8101,1.00,1.25
2017.09.18 17:33:24.771,0.81,0.8101,1.00,1.25
2017.09.18 17:33:30.487,0.80999,0.81009,1.00,1.69
2017.09.18 17:33:31.024,0.80999,0.8101,1.69,1.25
2017.09.18 17:33:31.599,0.80999,0.81009,1.69,1.00
2017.09.18 17:33:32.140,0.80998,0.81009,1.12,2.62
2017.09.18 17:33:32.652,0.80998,0.81008,1.00,1.25
2017.09.18 17:33:32.942,0.80996,0.81007,2.81,1.00
2017.09.18 17:33:41.052,0.80999,0.81007,1.00,1.00
2017.09.18 17:33:41.154,0.80999,0.81009,1.69,1.12
2017.09.18 17:33:41.509,0.80997,0.81008,1.69,1.50
2017.09.18 17:33:45.505,0.80998,0.81008,1.00,1.25
2017.09.18 17:33:48.625,0.80997,0.81008,1.69,1.25
2017.09.18 17:33:51.519,0.80999,0.81008,1.00,1.12
2017.09.18 17:33:52.027,0.81,0.81009,1.25,1.00
2017.09.18 17:33:52.330,0.81002,0.81012,1.00,2.06
2017.09.18 17:33:52.937,0.81002,0.81012,1.00,1.25
2017.09.18 17:33:53.247,0.81001,0.8101,2.06,1.00
2017.09.18 17:33:53.432,0.80997,0.81008,2.25,1.25
2017.09.18 17:33:53.978,0.81001,0.81009,1.00,1.50
2017.09.18 17:33:54.131,0.80999,0.81009,1.25,1.00
2017.09.18 17:34:02.661,0.80999,0.81008,1.25,1.00
2017.09.18 17:34:03.335,0.80999,0.81009,1.25,1.00
2017.09.18 17:34:04.649,0.81,0.81009,1.00,1.00
2017.09.18 17:34:05.659,0.80999,0.81009,1.69,1.00
2017.09.18 17:34:06.209,0.81,0.81009,1.00,1.00
2017.09.18 17:34:07.690,0.80999,0.81009,1.25,1.25
2017.09.18 17:34:09.142,0.80997,0.81008,3.19,1.00
2017.09.18 17:34:09.193,0.80997,0.81006,1.00,1.00
2017.09.18 17:34:10.106,0.80996,0.81006,1.69,1.12
2017.09.18 17:34:12.037,0.80997,0.81006,1.00,1.12
2017.09.18 17:34:12.587,0.80996,0.81006,1.69,1.12
2017.09.18 17:34:13.477,0.80996,0.81005,1.00,1.69
2017.09.18 17:34:13.630,0.80994,0.81005,2.44,1.69
2017.09.18 17:34:14.381,0.80994,0.81004,1.25,2.25
2017.09.18 17:34:14.973,0.80993,0.81004,2.06,2.25
2017.09.18 17:34:15.524,0.80994,0.81004,1.87,1.12
2017.09.18 17:34:23.949,0.80995,0.81004,1.69,1.12
2017.09.18 17:34:23.999,0.80997,0.81006,1.00,2.25
2017.09.18 17:34:24.101,0.80997,0.81006,1.25,1.00
2017.09.18 17:34:24.364,0.80999,0.81007,1.25,1.12
2017.09.18 17:34:24.893,0.81,0.81008,1.25,1.50
2017.09.18 17:34:25.524,0.80997,0.81008,1.50,1.50
2017.09.18 17:34:26.273,0.80996,0.81005,1.50,1.00
2017.09.18 17:34:26.577,0.80993,0.81,1.00,1.00
2017.09.18 17:34:26.628,0.80992,0.81003,1.69,2.62
2017.09.18 17:34:27.154,0.80994,0.81003,1.00,1.12
2017.09.18 17:34:28.631,0.80993,0.81003,1.00,1.12
2017.09.18 17:34:31.762,0.80992,0.81003,1.69,1.12
2017.09.18 17:34:32.843,0.80993,0.81003,1.25,1.12
2017.09.18 17:34:33.359,0.80994,0.81003,1.25,1.12
2017.09.18 17:34:33.884,0.80993,0.81003,1.69,1.12
2017.09.18 17:34:40.299,0.80995,0.81003,1.00,1.12
2017.09.18 17:34:40.639,0.80998,0.81007,1.25,1.37
2017.09.18 17:34:40.691,0.80999,0.81009,1.25,1.12
2017.09.18 17:34:40.980,0.81001,0.81009,1.25,1.12
2017.09.18 17:34:41.183,0.81001,0.81011,1.25,1.25
2017.09.18 17:34:44.820,0.81,0.81011,2.06,1.25
2017.09.18 17:34:45.955,0.81,0.81011,1.87,1.44
2017.09.18 17:34:47.695,0.81,0.81011,2.06,1.25
2017.09.18 17:34:54.020,0.81001,0.81012,1.25,2.62
2017.09.18 17:34:54.747,0.81001,0.8101,1.25,1.00
2017.09.18 17:34:56.600,0.81,0.8101,1.25,1.00
2017.09.18 17:34:58.191,0.81001,0.8101,1.00,1.00
2017.09.18 17:34:59.292,0.81,0.8101,1.25,1.00
2017.09.18 17:35:01.739,0.81001,0.8101,1.00,1.00
2017.09.18 17:35:02.789,0.81,0.8101,1.25,1.00
2017.09.18 17:35:03.196,0.81001,0.81012,2.44,1.25
2017.09.18 17:35:07.676,0.81001,0.81012,1.50,2.06
2017.09.18 17:35:10.249,0.80999,0.81009,1.69,1.00
2017.09.18 17:35:10.760,0.80998,0.81009,1.69,1.69
2017.09.18 17:35:11.746,0.80998,0.81009,1.69,1.69
2017.09.18 17:35:12.492,0.80998,0.81008,1.69,1.00
2017.09.18 17:35:12.997,0.80998,0.81009,1.69,1.69
2017.09.18 17:35:13.677,0.81,0.81009,1.00,1.69
2017.09.18 17:35:14.346,0.80999,0.81009,1.25,1.69
2017.09.18 17:35:15.229,0.80997,0.81006,1.12,1.00
2017.09.18 17:35:16.147,0.80996,0.81006,1.25,1.00
2017.09.18 17:35:20.373,0.80997,0.81007,1.00,1.87
2017.09.18 17:35:20.628,0.80998,0.81009,1.25,2.44
2017.09.18 17:35:21.009,0.80997,0.81007,1.19,1.00
2017.09.18 17:35:21.212,0.8099,0.81001,1.31,1.25
2017.09.18 17:35:21.726,0.8099,0.81,1.31,1.00
2017.09.18 17:35:22.309,0.8099,0.81001,2.25,1.50
2017.09.18 17:35:22.731,0.80992,0.81002,1.00,1.50
2017.09.18 17:35:23.948,0.80993,0.81002,1.00,1.00
2017.09.18 17:35:24.480,0.80993,0.81003,1.19,1.12
2017.09.18 17:35:25.266,0.80993,0.81003,1.69,1.12
2017.09.18 17:35:25.609,0.80995,0.81003,1.00,1.12
2017.09.18 17:35:26.149,0.80994,0.81003,1.25,1.12
