2013.01.25 20:00:00.393,0.76172,0.76194,3.00,1.73
2013.01.25 20:00:00.452,0.76174,0.76194,2.25,1.73
2013.01.25 20:00:00.953,0.76178,0.76197,1.50,2.10
2013.01.25 20:00:01.203,0.7618,0.762,1.50,1.35
2013.01.25 20:00:01.742,0.7618,0.762,1.50,1.35
2013.01.25 20:00:01.983,0.76176,0.76198,2.25,2.10
2013.01.25 20:00:02.545,0.76176,0.76197,1.50,1.35
2013.01.25 20:00:02.603,0.76176,0.76197,2.25,1.35
2013.01.25 20:00:02.664,0.76176,0.76197,2.25,1.35
2013.01.25 20:00:03.683,0.76181,0.76198,1.50,2.10
2013.01.25 20:00:04.022,0.76181,0.76198,1.50,1.35
2013.01.25 20:00:05.792,0.76181,0.76197,1.50,1.35
2013.01.25 20:00:06.152,0.76181,0.76198,1.50,1.35
2013.01.25 20:00:06.332,0.76177,0.76197,2.25,2.10
2013.01.25 20:00:06.604,0.76177,0.76197,2.25,3.60
2013.01.25 20:00:07.543,0.76177,0.76197,2.25,4.35
2013.01.25 20:00:07.921,0.76177,0.76197,2.25,2.85
2013.01.25 20:00:08.802,0.76179,0.76196,1.50,2.48
2013.01.25 20:00:09.423,0.76179,0.76196,1.50,1.73
2013.01.25 20:00:10.303,0.76179,0.76197,1.50,1.35
2013.01.25 20:00:11.782,0.76179,0.76199,1.50,2.10
2013.01.25 20:00:12.112,0.76179,0.76196,1.50,1.35
2013.01.25 20:00:12.441,0.76179,0.76196,2.25,1.35
2013.01.25 20:00:13.842,0.76179,0.76199,2.25,1.35
2013.01.25 20:00:13.902,0.76179,0.76199,1.50,3.08
2013.01.25 20:00:14.022,0.76172,0.76192,3.38,2.10
2013.01.25 20:00:14.593,0.76177,0.76197,2.25,2.10
2013.01.25 20:00:14.712,0.76177,0.76196,1.50,1.35
2013.01.25 20:00:14.952,0.76177,0.76196,1.50,1.35
2013.01.25 20:00:15.612,0.76177,0.76197,1.50,1.73
2013.01.25 20:00:15.688,0.76181,0.76199,1.50,2.85
2013.01.25 20:00:16.124,0.76181,0.76201,1.88,2.48
2013.01.25 20:00:16.244,0.76181,0.76201,1.88,1.50
2013.01.25 20:00:16.302,0.76184,0.76203,1.50,2.25
2013.01.25 20:00:16.482,0.76184,0.76204,1.50,1.35
2013.01.25 20:00:17.364,0.76184,0.76204,1.50,1.35
2013.01.25 20:00:20.924,0.76184,0.76204,2.25,1.35
2013.01.25 20:00:20.983,0.76184,0.76206,2.25,2.85
2013.01.25 20:00:21.294,0.76186,0.76206,1.13,1.50
2013.01.25 20:00:21.413,0.76189,0.76209,1.50,2.48
2013.01.25 20:00:21.952,0.76189,0.76208,1.50,1.35
2013.01.25 20:00:22.077,0.76183,0.76206,2.63,1.73
2013.01.25 20:00:22.961,0.76187,0.76207,1.50,1.35
2013.01.25 20:00:23.664,0.76185,0.76204,1.50,1.73
2013.01.25 20:00:23.863,0.76181,0.76202,1.88,2.48
2013.01.25 20:00:23.982,0.76183,0.76204,1.88,3.23
2013.01.25 20:00:25.322,0.76183,0.76205,1.88,3.23
2013.01.25 20:00:25.733,0.76183,0.76204,1.88,3.98
2013.01.25 20:00:29.712,0.76183,0.76202,1.50,1.73
2013.01.25 20:00:29.832,0.76179,0.76202,1.50,3.23
2013.01.25 20:00:33.242,0.76179,0.762,1.50,3.98
2013.01.25 20:00:33.583,0.76179,0.762,1.50,3.98
2013.01.25 20:00:37.543,0.76179,0.76199,1.50,1.73
2013.01.25 20:00:37.961,0.76184,0.76199,1.50,1.73
2013.01.25 20:00:38.262,0.76184,0.76202,1.50,1.50
2013.01.25 20:00:39.442,0.76184,0.76203,1.50,2.48
2013.01.25 20:00:44.593,0.76184,0.76204,1.50,3.60
2013.01.25 20:00:44.948,0.76184,0.76202,1.50,1.50
2013.01.25 20:00:45.602,0.76184,0.76203,1.50,1.73
2013.01.25 20:01:00.242,0.76184,0.76203,1.50,2.10
2013.01.25 20:01:05.777,0.76185,0.76203,1.50,2.10
2013.01.25 20:01:06.713,0.76188,0.76203,1.50,2.10
2013.01.25 20:01:09.256,0.76188,0.76203,1.50,1.88
2013.01.25 20:01:16.501,0.76188,0.76203,1.50,1.88
2013.01.25 20:01:19.453,0.76188,0.76203,1.50,1.88
2013.01.25 20:01:21.093,0.76185,0.76203,1.50,1.50
2013.01.25 20:01:22.102,0.76184,0.76203,1.50,1.50
2013.01.25 20:01:29.917,0.76184,0.76203,1.50,1.50
2013.01.25 20:01:32.444,0.76184,0.76204,1.50,3.60
2013.01.25 20:01:40.951,0.76184,0.76203,3.00,1.13
2013.01.25 20:01:41.311,0.76186,0.76203,1.50,1.13
2013.01.25 20:01:41.379,0.76186,0.76204,1.50,2.10
2013.01.25 20:01:42.693,0.76186,0.76203,1.50,1.13
2013.01.25 20:01:47.392,0.76184,0.76203,1.50,1.13
2013.01.25 20:01:48.453,0.76183,0.76203,1.50,1.13
2013.01.25 20:01:54.463,0.76183,0.76205,1.88,2.48
2013.01.25 20:01:54.643,0.76187,0.76206,1.50,1.50
2013.01.25 20:01:54.822,0.76187,0.76208,1.50,2.10
2013.01.25 20:01:54.882,0.76192,0.76208,1.50,2.10
2013.01.25 20:01:59.842,0.7619,0.76208,1.50,3.38
2013.01.25 20:01:59.902,0.76188,0.76208,1.50,3.38
2013.01.25 20:02:00.742,0.76188,0.76208,1.50,3.00
2013.01.25 20:02:00.804,0.76184,0.76204,1.50,1.50
2013.01.25 20:02:02.093,0.76188,0.76206,1.50,2.25
2013.01.25 20:02:03.372,0.76188,0.76208,1.50,3.75
2013.01.25 20:02:12.053,0.76188,0.76208,1.50,1.50
2013.01.25 20:02:13.144,0.76188,0.76208,1.73,1.50
2013.01.25 20:02:13.263,0.7619,0.76208,1.88,1.50
2013.01.25 20:02:13.323,0.76191,0.76212,2.10,2.25
2013.01.25 20:02:13.382,0.76194,0.76212,1.50,1.50
2013.01.25 20:02:13.442,0.76196,0.76212,1.50,1.50
2013.01.25 20:02:14.492,0.76196,0.76217,1.50,5.48
2013.01.25 20:02:15.034,0.76196,0.76216,1.50,3.23
2013.01.25 20:02:16.902,0.76192,0.76213,1.50,1.73
2013.01.25 20:02:17.782,0.76192,0.76213,1.50,1.73
2013.01.25 20:02:18.322,0.76189,0.76209,2.10,1.50
2013.01.25 20:02:18.641,0.76189,0.76209,1.88,3.75
2013.01.25 20:02:19.433,0.76189,0.76209,1.88,3.75
2013.01.25 20:02:20.292,0.76191,0.76209,1.50,2.25
2013.01.25 20:02:20.622,0.76193,0.76213,1.50,4.73
2013.01.25 20:02:22.072,0.76189,0.76209,1.88,2.25
2013.01.25 20:02:23.262,0.76189,0.76209,1.88,2.25
2013.01.25 20:02:25.729,0.76189,0.76209,1.88,2.25
2013.01.25 20:02:29.662,0.76189,0.76209,1.50,2.25
2013.01.25 20:02:30.913,0.76192,0.76211,1.50,2.25
2013.01.25 20:02:30.973,0.76192,0.76211,1.50,2.25
2013.01.25 20:02:31.036,0.76192,0.76213,1.50,2.85
2013.01.25 20:02:31.581,0.76192,0.76213,1.50,2.48
2013.01.25 20:02:31.762,0.76192,0.76213,1.50,3.60
2013.01.25 20:02:32.302,0.76192,0.76213,1.50,2.85
2013.01.25 20:02:32.362,0.76197,0.76213,1.50,1.13
2013.01.25 20:02:32.422,0.76197,0.76213,1.50,1.13
2013.01.25 20:02:33.102,0.76197,0.76213,1.50,1.50
2013.01.25 20:02:33.162,0.76195,0.76213,1.50,1.50
2013.01.25 20:02:33.221,0.76192,0.76213,1.50,1.50
2013.01.25 20:02:39.863,0.76192,0.76214,1.50,4.88
2013.01.25 20:02:40.322,0.76192,0.76214,1.73,2.63
2013.01.25 20:02:41.412,0.76192,0.76214,1.73,2.63
2013.01.25 20:02:42.337,0.76192,0.76214,1.50,2.63
2013.01.25 20:02:45.753,0.76192,0.76214,1.73,2.63
2013.01.25 20:02:46.812,0.76192,0.76214,1.73,2.25
2013.01.25 20:03:12.483,0.76196,0.76216,1.50,2.48
2013.01.25 20:03:16.843,0.76196,0.76218,1.50,3.23
2013.01.25 20:03:16.964,0.76196,0.76218,1.50,1.73
2013.01.25 20:03:17.083,0.76198,0.76218,1.50,1.73
2013.01.25 20:03:17.391,0.76201,0.76217,1.50,1.35
2013.01.25 20:03:17.752,0.76197,0.76217,1.50,1.35
2013.01.25 20:03:18.143,0.76197,0.76217,1.50,1.35
2013.01.25 20:03:18.948,0.762,0.76217,1.50,1.35
2013.01.25 20:03:22.337,0.762,0.76217,1.50,1.35
2013.01.25 20:03:29.042,0.762,0.76222,1.50,2.48
2013.01.25 20:03:29.222,0.76206,0.76223,1.50,1.13
2013.01.25 20:03:38.404,0.76206,0.76226,1.88,2.48
2013.01.25 20:03:38.522,0.76206,0.76226,1.88,1.73
2013.01.25 20:03:39.062,0.76206,0.76226,1.50,2.48
2013.01.25 20:03:39.183,0.76206,0.76226,1.88,1.50
2013.01.25 20:03:39.942,0.76209,0.76229,1.50,3.00
2013.01.25 20:03:41.096,0.76209,0.76231,1.50,2.63
2013.01.25 20:03:41.945,0.76209,0.76231,1.73,1.88
2013.01.25 20:03:42.621,0.76214,0.76232,1.50,1.13
2013.01.25 20:03:49.562,0.76214,0.76231,1.50,1.13
2013.01.25 20:03:51.512,0.7621,0.76229,1.50,1.73
2013.01.25 20:03:53.403,0.7621,0.76229,1.50,2.10
2013.01.25 20:03:53.816,0.7621,0.76227,1.50,1.35
2013.01.25 20:03:55.212,0.76207,0.76227,1.50,2.85
2013.01.25 20:03:55.273,0.76205,0.76227,1.50,2.85
2013.01.25 20:03:55.392,0.76205,0.76226,1.50,1.73
2013.01.25 20:03:56.092,0.76205,0.76227,1.50,2.85
2013.01.25 20:03:58.493,0.76205,0.76227,1.50,2.63
2013.01.25 20:03:58.672,0.76209,0.76227,1.50,2.63
2013.01.25 20:03:59.032,0.76211,0.76231,1.50,2.25
2013.01.25 20:03:59.093,0.76211,0.76231,1.50,2.25
2013.01.25 20:03:59.573,0.76211,0.76227,1.50,1.35
2013.01.25 20:04:05.925,0.76211,0.76231,1.50,3.60
2013.01.25 20:04:06.043,0.76211,0.76231,1.50,2.85
2013.01.25 20:04:07.094,0.76211,0.76231,1.50,2.85
2013.01.25 20:04:10.293,0.76211,0.76231,1.50,2.63
2013.01.25 20:04:13.123,0.76211,0.76231,1.50,2.10
2013.01.25 20:04:15.109,0.76211,0.76231,1.50,2.85
2013.01.25 20:04:15.603,0.76211,0.76231,1.50,2.25
2013.01.25 20:04:15.722,0.76206,0.76228,1.50,2.25
2013.01.25 20:04:17.353,0.76206,0.76228,1.50,2.25
2013.01.25 20:04:17.663,0.76206,0.76228,1.88,2.25
2013.01.25 20:04:17.902,0.76206,0.76228,1.50,2.25
2013.01.25 20:04:18.794,0.76206,0.76225,1.50,1.50
2013.01.25 20:04:18.853,0.76203,0.76223,1.50,1.50
2013.01.25 20:04:19.372,0.76203,0.76223,1.50,3.00
2013.01.25 20:04:19.982,0.76203,0.76223,1.50,3.00
2013.01.25 20:04:20.222,0.76203,0.76223,1.50,3.00
2013.01.25 20:04:21.743,0.76203,0.76223,1.50,1.50
2013.01.25 20:04:23.802,0.76203,0.76223,1.50,2.25
2013.01.25 20:04:23.876,0.76203,0.76223,1.50,2.25
2013.01.25 20:04:28.512,0.76203,0.76223,1.50,4.50
2013.01.25 20:04:29.693,0.76201,0.76219,1.50,1.50
2013.01.25 20:04:29.812,0.76199,0.76219,1.50,1.50
2013.01.25 20:04:29.873,0.76199,0.76219,1.50,1.88
2013.01.25 20:04:32.062,0.76194,0.76214,1.50,1.50
2013.01.25 20:04:34.393,0.76197,0.76218,1.50,1.35
2013.01.25 20:05:00.976,0.76197,0.76219,1.50,2.63
2013.01.25 20:05:05.583,0.76197,0.76219,1.50,2.63
2013.01.25 20:05:05.703,0.76194,0.76214,1.50,1.73
2013.01.25 20:05:13.423,0.76197,0.76217,1.50,2.85
2013.01.25 20:05:16.994,0.76195,0.76214,1.50,1.88
2013.01.25 20:05:17.532,0.76194,0.76214,1.50,1.88
2013.01.25 20:05:18.875,0.76194,0.76214,1.50,2.63
2013.01.25 20:05:19.553,0.76194,0.76214,1.50,1.88
2013.01.25 20:05:20.403,0.76194,0.76214,1.88,1.50
2013.01.25 20:05:20.993,0.76194,0.76214,2.10,1.50
2013.01.25 20:05:23.611,0.76195,0.76214,1.35,1.50
2013.01.25 20:05:24.142,0.76196,0.76214,1.73,1.50
2013.01.25 20:05:24.262,0.76197,0.76219,1.50,3.00
2013.01.25 20:05:41.153,0.76197,0.76218,1.50,1.13
2013.01.25 20:05:41.280,0.76197,0.76218,1.50,1.88
2013.01.25 20:05:41.802,0.76197,0.76218,1.50,2.10
2013.01.25 20:05:42.113,0.76197,0.76218,1.50,2.10
2013.01.25 20:05:43.012,0.76197,0.76218,1.50,2.10
2013.01.25 20:05:43.513,0.76193,0.76215,1.50,2.48
2013.01.25 20:05:44.153,0.76193,0.76215,1.50,2.48
2013.01.25 20:05:47.864,0.76193,0.76214,1.50,1.50
2013.01.25 20:05:48.182,0.76193,0.76215,1.73,2.25
2013.01.25 20:05:49.694,0.76193,0.76215,2.10,2.25
2013.01.25 20:05:50.053,0.76193,0.76213,1.50,1.13
2013.01.25 20:05:51.296,0.76193,0.76213,1.50,1.35
2013.01.25 20:05:51.993,0.76189,0.76211,1.73,1.73
2013.01.25 20:05:52.182,0.76189,0.7621,1.73,1.50
2013.01.25 20:05:52.302,0.76185,0.76205,3.75,1.88
2013.01.25 20:06:01.101,0.76185,0.76205,1.50,1.50
2013.01.25 20:06:01.292,0.76188,0.76207,1.50,1.50
2013.01.25 20:06:01.652,0.76188,0.76206,1.50,1.13
2013.01.25 20:06:01.713,0.76188,0.7621,1.50,3.23
2013.01.25 20:06:02.222,0.76188,0.7621,1.50,2.48
2013.01.25 20:06:02.734,0.76188,0.76208,1.50,1.50
2013.01.25 20:06:03.853,0.76188,0.76208,1.50,1.50
2013.01.25 20:06:06.765,0.76188,0.76208,1.50,1.50
2013.01.25 20:06:07.193,0.76184,0.76206,1.50,2.48
2013.01.25 20:06:07.312,0.76184,0.76206,1.50,2.48
2013.01.25 20:06:08.993,0.76181,0.76201,1.50,2.48
2013.01.25 20:06:38.845,0.76184,0.76203,1.50,1.73
2013.01.25 20:06:48.523,0.76187,0.76207,1.50,1.73
2013.01.25 20:06:48.762,0.7619,0.7621,1.50,1.35
2013.01.25 20:06:49.423,0.7619,0.76211,2.63,1.73
2013.01.25 20:06:49.482,0.7619,0.76211,2.63,1.50
2013.01.25 20:06:49.602,0.76193,0.76212,1.50,1.73
2013.01.25 20:06:57.075,0.76193,0.76212,1.50,1.35
2013.01.25 20:06:57.192,0.76189,0.76211,1.50,1.88
2013.01.25 20:06:57.313,0.76189,0.76211,1.50,2.10
2013.01.25 20:06:58.214,0.76189,0.7621,1.50,1.35
2013.01.25 20:07:07.752,0.76193,0.76213,1.50,2.48
2013.01.25 20:07:07.815,0.76193,0.76215,1.50,4.73
2013.01.25 20:07:10.392,0.76193,0.76215,1.50,2.48
2013.01.25 20:07:11.052,0.76193,0.76215,2.25,1.73
2013.01.25 20:07:11.555,0.76198,0.76218,1.50,1.35
2013.01.25 20:07:11.842,0.76198,0.7622,1.50,2.85
2013.01.25 20:07:36.203,0.76201,0.76218,1.50,2.48
2013.01.25 20:07:36.385,0.76203,0.76223,1.50,3.00
2013.01.25 20:07:36.743,0.76203,0.76223,1.50,1.73
2013.01.25 20:07:37.103,0.76199,0.76219,1.50,1.50
2013.01.25 20:07:44.973,0.76199,0.76219,1.50,1.73
2013.01.25 20:08:09.853,0.76199,0.76219,1.50,2.48
2013.01.25 20:08:10.171,0.76199,0.76219,1.50,2.48
2013.01.25 20:08:15.465,0.76196,0.76216,1.50,1.73
2013.01.25 20:08:15.523,0.76194,0.76216,1.50,2.48
2013.01.25 20:08:26.903,0.76194,0.76216,1.88,2.48
2013.01.25 20:08:26.962,0.76197,0.76216,1.50,2.48
2013.01.25 20:08:27.584,0.76198,0.76219,1.50,2.10
2013.01.25 20:08:40.430,0.76198,0.76219,1.50,1.35
2013.01.25 20:08:47.672,0.76196,0.76218,1.50,1.73
2013.01.25 20:08:53.272,0.76196,0.76218,1.50,1.73
2013.01.25 20:09:00.393,0.76192,0.76214,1.88,2.48
2013.01.25 20:09:10.302,0.76196,0.76217,1.50,2.48
2013.01.25 20:09:18.384,0.76193,0.76214,1.88,1.73
2013.01.25 20:09:30.998,0.76192,0.76214,1.88,1.73
2013.01.25 20:09:31.684,0.76192,0.76214,1.88,2.48
2013.01.25 20:09:31.743,0.76192,0.76214,1.88,3.23
2013.01.25 20:09:32.490,0.76192,0.76213,1.88,1.73
2013.01.25 20:09:34.573,0.76192,0.76214,3.60,1.50
2013.01.25 20:09:34.693,0.76198,0.76218,1.50,4.35
2013.01.25 20:09:35.336,0.76198,0.76218,1.50,3.60
2013.01.25 20:09:37.023,0.76198,0.76218,1.50,3.60
2013.01.25 20:09:37.083,0.76194,0.76214,1.88,1.50
2013.01.25 20:09:48.693,0.76194,0.76214,1.88,2.25
2013.01.25 20:09:49.053,0.76194,0.76213,1.50,1.73
2013.01.25 20:09:49.173,0.76194,0.76212,1.50,2.48
2013.01.25 20:09:49.234,0.7619,0.7621,1.88,1.50
2013.01.25 20:09:49.563,0.7619,0.7621,1.88,2.25
2013.01.25 20:09:49.624,0.7619,0.7621,1.88,1.50
2013.01.25 20:09:51.107,0.7619,0.7621,1.88,2.25
2013.01.25 20:09:55.263,0.76193,0.76212,1.50,3.23
2013.01.25 20:09:55.973,0.76193,0.76214,1.50,1.50
2013.01.25 20:09:59.933,0.76193,0.76215,1.50,2.85
2013.01.25 20:10:00.353,0.76193,0.76215,1.50,3.60
2013.01.25 20:10:00.963,0.76193,0.76214,1.50,1.73
2013.01.25 20:10:01.812,0.76193,0.76213,1.50,1.73
2013.01.25 20:10:02.259,0.76193,0.76213,1.50,1.73
2013.01.25 20:10:02.893,0.7619,0.7621,1.88,2.25
2013.01.25 20:10:03.403,0.7619,0.7621,1.50,2.48
2013.01.25 20:10:03.943,0.7619,0.7621,1.88,2.25
2013.01.25 20:10:04.183,0.7619,0.7621,1.50,2.48
2013.01.25 20:10:04.484,0.7619,0.7621,1.88,1.50
2013.01.25 20:10:04.614,0.7619,0.7621,1.50,2.63
2013.01.25 20:10:05.032,0.7619,0.7621,1.88,1.50
2013.01.25 20:10:05.273,0.7619,0.76209,1.50,1.73
2013.01.25 20:10:05.463,0.7619,0.7621,1.88,1.50
2013.01.25 20:10:05.703,0.7619,0.7621,1.50,1.73
2013.01.25 20:10:06.483,0.7619,0.76208,1.88,1.50
2013.01.25 20:10:06.843,0.7619,0.76209,1.50,1.73
2013.01.25 20:10:07.362,0.7619,0.76209,1.50,1.73
2013.01.25 20:10:08.285,0.76187,0.76207,2.25,2.48
2013.01.25 20:10:08.343,0.76185,0.76207,2.63,2.48
2013.01.25 20:10:08.583,0.76185,0.76204,2.25,1.35
2013.01.25 20:10:09.252,0.76188,0.76207,1.50,1.35
2013.01.25 20:10:11.442,0.76188,0.76211,1.50,2.85
2013.01.25 20:10:13.471,0.76188,0.76211,1.50,2.85
2013.01.25 20:10:16.252,0.76188,0.76209,1.50,1.73
2013.01.25 20:10:29.763,0.76189,0.76209,1.50,1.73
2013.01.25 20:10:39.347,0.76189,0.76211,1.88,2.48
2013.01.25 20:10:39.904,0.76189,0.7621,1.50,1.35
2013.01.25 20:10:47.223,0.76189,0.76211,1.88,4.73
2013.01.25 20:10:47.283,0.76189,0.76211,1.88,3.98
2013.01.25 20:10:47.823,0.76193,0.76212,1.50,1.73
2013.01.25 20:10:48.284,0.76193,0.76213,1.50,1.73
2013.01.25 20:10:49.583,0.76193,0.76212,1.50,1.35
2013.01.25 20:10:49.763,0.76189,0.7621,1.50,1.35
2013.01.25 20:10:55.412,0.76189,0.76211,1.88,2.48
2013.01.25 20:10:55.783,0.76193,0.76214,1.50,2.85
2013.01.25 20:11:02.613,0.76193,0.76214,1.50,1.13
2013.01.25 20:11:05.923,0.76197,0.76214,1.50,1.13
2013.01.25 20:11:06.103,0.76197,0.76217,1.50,3.60
2013.01.25 20:11:13.293,0.762,0.76217,1.50,1.35
2013.01.25 20:11:32.963,0.762,0.76219,1.50,1.73
2013.01.25 20:11:33.514,0.76203,0.7622,1.50,2.48
2013.01.25 20:11:33.634,0.76203,0.7622,1.50,1.50
2013.01.25 20:11:34.203,0.76203,0.76225,1.50,2.48
2013.01.25 20:11:35.834,0.76203,0.76223,1.50,1.35
2013.01.25 20:11:36.073,0.76199,0.7622,1.50,1.35
2013.01.25 20:11:36.373,0.762,0.7622,1.50,1.35
2013.01.25 20:11:36.433,0.76203,0.76223,1.50,2.10
2013.01.25 20:11:38.407,0.76203,0.76223,1.50,2.10
2013.01.25 20:11:40.662,0.76198,0.76217,1.13,1.50
2013.01.25 20:11:40.723,0.76195,0.76217,2.10,2.25
2013.01.25 20:11:41.083,0.76195,0.76217,1.50,2.48
2013.01.25 20:11:44.490,0.76195,0.76217,1.50,2.48
2013.01.25 20:11:45.315,0.76195,0.76214,1.50,1.50
2013.01.25 20:11:58.883,0.76195,0.76216,1.50,2.63
2013.01.25 20:12:08.823,0.76195,0.76214,1.50,1.73
2013.01.25 20:12:09.763,0.76195,0.76214,1.50,1.50
2013.01.25 20:12:22.684,0.76197,0.76214,1.50,1.50
2013.01.25 20:12:33.414,0.76197,0.76214,1.50,1.50
2013.01.25 20:12:33.473,0.76192,0.76212,1.73,1.13
2013.01.25 20:12:33.892,0.76192,0.76213,2.10,1.50
2013.01.25 20:12:43.332,0.76192,0.76213,2.10,2.25
2013.01.25 20:12:43.873,0.76192,0.76213,1.88,3.00
2013.01.25 20:12:47.594,0.76187,0.76209,2.48,2.63
2013.01.25 20:12:48.324,0.76187,0.76209,1.50,3.60
2013.01.25 20:12:53.108,0.76189,0.76209,1.50,2.85
2013.01.25 20:12:53.546,0.76192,0.76209,1.50,1.35
2013.01.25 20:13:25.973,0.76192,0.76209,1.50,3.23
2013.01.25 20:13:33.784,0.76191,0.76208,1.50,1.73
2013.01.25 20:13:49.133,0.76191,0.76208,1.50,1.35
2013.01.25 20:13:49.654,0.76191,0.76208,1.50,1.35
2013.01.25 20:13:53.824,0.76188,0.76208,1.50,2.85
2013.01.25 20:13:53.883,0.76188,0.76208,1.50,3.23
2013.01.25 20:13:54.003,0.76185,0.76203,1.50,1.35
2013.01.25 20:13:54.423,0.76183,0.76204,1.50,3.23
2013.01.25 20:13:54.955,0.76188,0.76205,1.50,1.13
2013.01.25 20:13:56.403,0.76188,0.76206,1.50,1.50
2013.01.25 20:13:56.526,0.76181,0.76199,1.50,1.88
2013.01.25 20:13:56.644,0.76178,0.76198,1.50,1.73
2013.01.25 20:13:57.004,0.76182,0.76199,1.50,2.10
2013.01.25 20:13:57.126,0.76182,0.76199,1.50,1.35
2013.01.25 20:13:57.185,0.76185,0.76199,1.50,1.35
2013.01.25 20:13:57.303,0.76185,0.76199,1.50,1.13
2013.01.25 20:13:57.543,0.76185,0.76207,1.50,2.85
2013.01.25 20:13:57.804,0.76188,0.76207,1.50,2.85
2013.01.25 20:13:58.055,0.76189,0.76207,1.50,1.35
2013.01.25 20:13:58.173,0.76193,0.76211,1.50,1.35
2013.01.25 20:13:58.474,0.76193,0.76212,1.50,1.73
2013.01.25 20:13:59.031,0.76193,0.76213,1.50,1.73
2013.01.25 20:14:02.464,0.76193,0.76209,1.50,2.25
2013.01.25 20:14:02.523,0.76189,0.76208,1.50,1.88
2013.01.25 20:14:02.584,0.76189,0.76208,1.50,2.10
2013.01.25 20:14:02.644,0.76184,0.76207,1.50,2.48
2013.01.25 20:14:03.169,0.76184,0.76204,1.50,1.73
2013.01.25 20:14:03.627,0.76184,0.76204,1.50,1.73
2013.01.25 20:14:05.784,0.76182,0.76199,1.50,1.73
2013.01.25 20:14:06.083,0.76182,0.76199,1.50,1.35
2013.01.25 20:14:07.453,0.76183,0.76198,1.50,1.35
2013.01.25 20:14:07.513,0.76184,0.76198,1.50,1.35
2013.01.25 20:14:07.633,0.76184,0.76201,1.50,1.35
2013.01.25 20:14:08.104,0.76184,0.76205,1.50,2.10
2013.01.25 20:14:09.335,0.76189,0.76205,1.50,2.10
2013.01.25 20:14:09.645,0.76193,0.76209,1.50,2.48
2013.01.25 20:14:09.825,0.76195,0.7621,1.50,1.13
2013.01.25 20:14:10.184,0.76193,0.7621,1.50,1.35
2013.01.25 20:14:10.303,0.76193,0.7621,1.50,1.35
2013.01.25 20:14:20.481,0.76193,0.7621,1.50,1.35
2013.01.25 20:14:26.966,0.76193,0.76209,1.50,1.13
2013.01.25 20:14:30.743,0.76191,0.76209,1.50,1.13
2013.01.25 20:14:35.393,0.76191,0.76208,1.50,1.13
2013.01.25 20:14:35.634,0.76187,0.76207,1.50,2.48
2013.01.25 20:14:36.664,0.76187,0.76207,1.50,2.48
2013.01.25 20:14:40.844,0.76189,0.76207,1.50,2.25
2013.01.25 20:14:40.964,0.76191,0.76208,1.50,1.13
2013.01.25 20:14:46.095,0.76191,0.76207,1.50,1.13
2013.01.25 20:15:00.237,0.76195,0.7621,1.50,2.25
2013.01.25 20:15:01.757,0.76195,0.7621,1.50,1.88
2013.01.25 20:15:07.403,0.76191,0.76209,1.50,1.13
2013.01.25 20:15:10.592,0.76195,0.76213,1.50,1.73
2013.01.25 20:15:10.714,0.76193,0.7621,1.50,1.13
2013.01.25 20:15:11.263,0.76192,0.76212,1.50,5.10
2013.01.25 20:15:12.415,0.76192,0.76208,1.50,1.13
2013.01.25 20:15:14.413,0.76192,0.76209,1.50,1.13
2013.01.25 20:15:15.314,0.76195,0.76211,1.50,1.88
2013.01.25 20:15:23.893,0.76195,0.76214,1.50,4.13
2013.01.25 20:15:24.784,0.76195,0.76213,1.50,3.08
2013.01.25 20:15:24.845,0.76195,0.76207,1.50,1.50
2013.01.25 20:15:24.904,0.76191,0.76203,1.50,1.13
2013.01.25 20:15:25.263,0.76186,0.76203,1.50,2.85
2013.01.25 20:15:25.323,0.76186,0.76202,1.50,1.35
2013.01.25 20:15:25.383,0.76183,0.76202,1.50,1.35
2013.01.25 20:15:25.634,0.76186,0.76204,1.50,1.13
2013.01.25 20:15:25.707,0.76186,0.76204,1.50,2.10
2013.01.25 20:15:25.774,0.76186,0.76204,1.50,2.10
2013.01.25 20:15:26.144,0.76183,0.76203,2.25,2.10
2013.01.25 20:15:29.953,0.76183,0.76203,1.50,2.10
2013.01.25 20:15:30.493,0.76183,0.76203,2.25,1.88
2013.01.25 20:15:30.675,0.76187,0.76203,1.13,1.50
2013.01.25 20:15:30.734,0.76187,0.76207,2.63,3.00
2013.01.25 20:15:31.183,0.76191,0.76211,1.50,4.13
2013.01.25 20:15:31.303,0.76191,0.76211,2.25,3.38
2013.01.25 20:15:41.587,0.76191,0.76211,2.25,2.63
2013.01.25 20:15:51.136,0.76191,0.76211,1.50,1.50
2013.01.25 20:15:51.644,0.76191,0.76211,2.25,1.50
2013.01.25 20:15:52.307,0.76191,0.76213,2.25,2.85
2013.01.25 20:15:59.555,0.76191,0.76213,2.25,2.85
2013.01.25 20:16:02.474,0.76191,0.76213,2.25,2.85
2013.01.25 20:16:06.044,0.76197,0.76213,1.50,1.35
2013.01.25 20:16:06.119,0.76197,0.76215,1.50,1.35
2013.01.25 20:16:06.554,0.76192,0.76214,2.25,3.23
2013.01.25 20:16:08.034,0.76192,0.76214,2.25,3.23
2013.01.25 20:16:23.464,0.76192,0.76208,2.25,1.13
2013.01.25 20:16:53.714,0.76192,0.76208,1.50,1.35
2013.01.25 20:16:54.336,0.76192,0.76207,1.50,1.35
2013.01.25 20:16:54.524,0.76189,0.76207,1.50,2.85
2013.01.25 20:16:54.584,0.76187,0.76205,2.25,1.35
2013.01.25 20:16:54.704,0.76187,0.76205,2.25,1.35
2013.01.25 20:16:55.045,0.76187,0.76205,1.50,1.35
2013.01.25 20:17:11.095,0.76187,0.76203,1.50,1.35
2013.01.25 20:17:12.408,0.76193,0.76203,1.50,1.13
2013.01.25 20:17:12.837,0.76193,0.76209,1.50,2.10
2013.01.25 20:17:19.784,0.76197,0.76212,1.50,1.73
2013.01.25 20:17:20.025,0.76197,0.76213,1.50,1.35
2013.01.25 20:17:20.324,0.76194,0.76214,1.50,2.85
2013.01.25 20:17:36.674,0.76198,0.76213,1.50,1.73
2013.01.25 20:17:37.245,0.76198,0.76213,1.50,1.73
2013.01.25 20:17:37.365,0.76198,0.76218,1.50,2.85
2013.01.25 20:17:37.544,0.76202,0.7622,1.50,1.35
2013.01.25 20:17:45.954,0.76202,0.76221,1.50,1.35
2013.01.25 20:17:46.644,0.76204,0.76222,1.50,1.35
2013.01.25 20:17:47.146,0.76206,0.76222,1.50,1.35
2013.01.25 20:17:52.463,0.76206,0.76222,1.50,1.35
2013.01.25 20:17:56.715,0.76206,0.76227,1.50,3.23
2013.01.25 20:17:57.562,0.76206,0.76226,1.50,1.35
2013.01.25 20:17:59.644,0.76206,0.76226,1.50,2.85
2013.01.25 20:18:01.784,0.76206,0.76226,2.25,2.10
2013.01.25 20:18:03.345,0.76202,0.76224,2.25,2.63
2013.01.25 20:18:03.524,0.76202,0.76224,2.25,2.63
2013.01.25 20:18:04.162,0.76202,0.76224,2.25,2.85
2013.01.25 20:18:04.684,0.76202,0.76224,2.25,4.35
2013.01.25 20:18:09.925,0.76202,0.76222,1.50,1.35
2013.01.25 20:18:12.411,0.76202,0.76218,1.50,1.50
2013.01.25 20:18:12.714,0.76195,0.76215,1.50,2.48
2013.01.25 20:18:22.615,0.76191,0.7621,2.25,1.73
2013.01.25 20:18:23.125,0.76191,0.7621,1.50,1.73
2013.01.25 20:18:23.676,0.76191,0.7621,1.50,1.73
2013.01.25 20:18:27.904,0.76191,0.76211,1.50,1.73
2013.01.25 20:18:28.479,0.76191,0.76211,1.50,2.10
2013.01.25 20:18:29.014,0.76191,0.76211,2.25,1.50
2013.01.25 20:18:29.433,0.76195,0.76214,1.50,1.50
2013.01.25 20:18:29.774,0.76195,0.76215,2.25,2.25
2013.01.25 20:18:30.166,0.76195,0.76215,2.25,1.50
2013.01.25 20:18:30.772,0.76195,0.76215,2.25,2.48
2013.01.25 20:18:32.916,0.76195,0.76215,2.25,1.50
2013.01.25 20:18:34.675,0.76195,0.76215,2.25,2.25
2013.01.25 20:18:37.913,0.76199,0.76217,1.50,3.60
2013.01.25 20:18:38.214,0.76203,0.76222,1.50,2.10
2013.01.25 20:18:38.753,0.76203,0.76222,2.25,2.10
2013.01.25 20:18:58.704,0.76204,0.76226,1.50,2.10
2013.01.25 20:19:04.736,0.762,0.76222,2.25,2.10
2013.01.25 20:19:04.854,0.762,0.76222,2.25,2.10
2013.01.25 20:19:04.974,0.762,0.76222,2.25,2.10
2013.01.25 20:19:05.094,0.762,0.76222,1.50,2.10
2013.01.25 20:19:05.214,0.762,0.76222,2.25,2.10
2013.01.25 20:19:15.435,0.762,0.76222,1.50,2.10
2013.01.25 20:19:16.746,0.76204,0.76224,1.50,4.73
2013.01.25 20:19:24.893,0.76204,0.76226,2.25,2.10
2013.01.25 20:19:37.316,0.76204,0.76226,1.50,3.98
2013.01.25 20:19:37.935,0.76203,0.76223,1.50,1.73
2013.01.25 20:19:48.675,0.76203,0.76224,1.50,1.13
2013.01.25 20:19:48.736,0.76201,0.7622,2.25,1.50
2013.01.25 20:19:49.295,0.762,0.7622,1.50,1.50
2013.01.25 20:19:49.804,0.762,0.7622,2.25,1.88
2013.01.25 20:19:51.355,0.76204,0.76222,1.50,1.88
2013.01.25 20:19:51.475,0.76204,0.76223,1.50,1.13
2013.01.25 20:19:51.594,0.762,0.76222,2.25,1.73
2013.01.25 20:19:52.295,0.762,0.76222,1.50,1.73
2013.01.25 20:19:53.285,0.762,0.76221,1.50,2.25
2013.01.25 20:20:06.415,0.762,0.76221,1.50,2.63
2013.01.25 20:20:06.774,0.76205,0.76223,1.50,3.00
2013.01.25 20:20:14.855,0.76205,0.76224,1.50,1.13
2013.01.25 20:20:15.377,0.76201,0.76223,2.25,2.25
2013.01.25 20:20:31.243,0.76201,0.76223,1.50,2.25
2013.01.25 20:20:31.304,0.76201,0.76223,1.50,2.10
2013.01.25 20:20:32.794,0.76201,0.76223,2.48,2.63
2013.01.25 20:20:33.344,0.76201,0.76223,2.48,1.88
2013.01.25 20:20:35.764,0.76202,0.76223,2.48,1.88
2013.01.25 20:20:35.944,0.76203,0.76223,2.48,1.88
2013.01.25 20:20:41.667,0.76209,0.76227,1.50,3.98
2013.01.25 20:20:41.857,0.76205,0.76226,1.50,3.75
2013.01.25 20:20:48.945,0.76209,0.76226,1.50,2.25
2013.01.25 20:21:01.544,0.76204,0.76227,1.50,2.48
2013.01.25 20:21:08.596,0.76204,0.76224,1.50,1.13
2013.01.25 20:21:09.314,0.76204,0.7622,1.50,1.13
2013.01.25 20:21:09.374,0.76198,0.76219,2.48,1.13
2013.01.25 20:21:09.434,0.76198,0.76219,1.50,2.10
2013.01.25 20:21:15.183,0.76198,0.76221,1.50,3.98
2013.01.25 20:21:15.304,0.76198,0.76221,1.50,2.25
2013.01.25 20:21:16.484,0.76198,0.76221,1.50,2.25
2013.01.25 20:21:17.015,0.76198,0.76218,1.50,2.25
2013.01.25 20:21:18.095,0.76198,0.76221,1.50,3.00
2013.01.25 20:21:18.766,0.76198,0.7622,1.50,1.50
2013.01.25 20:21:20.085,0.76196,0.76217,3.00,1.50
2013.01.25 20:21:20.534,0.76193,0.76213,1.50,1.50
2013.01.25 20:21:21.052,0.76192,0.76213,10.50,1.50
2013.01.25 20:21:22.267,0.76191,0.76213,1.50,1.50
2013.01.25 20:21:25.344,0.76195,0.76215,1.50,1.50
2013.01.25 20:21:26.025,0.76195,0.76216,1.50,2.25
2013.01.25 20:21:38.676,0.76195,0.76216,1.50,2.48
2013.01.25 20:21:40.875,0.76195,0.76215,1.50,1.73
2013.01.25 20:21:42.254,0.76192,0.76212,1.50,1.50
2013.01.25 20:21:48.424,0.76193,0.76212,1.50,1.50
2013.01.25 20:21:48.484,0.76196,0.76216,1.50,2.48
2013.01.25 20:21:49.187,0.76196,0.76216,1.50,2.25
2013.01.25 20:21:54.429,0.76196,0.76216,1.50,2.25
2013.01.25 20:21:55.435,0.76196,0.76216,1.50,2.48
2013.01.25 20:21:56.085,0.76196,0.76213,1.50,1.50
2013.01.25 20:21:57.075,0.76193,0.76213,1.50,3.00
2013.01.25 20:21:57.135,0.76191,0.76213,1.50,3.00
2013.01.25 20:21:58.204,0.76191,0.76212,1.50,1.50
2013.01.25 20:21:58.264,0.76189,0.76209,1.50,2.25
2013.01.25 20:21:58.704,0.76187,0.76209,1.50,3.00
2013.01.25 20:21:59.438,0.76191,0.76209,1.50,3.00
2013.01.25 20:21:59.505,0.76193,0.76213,1.50,3.00
2013.01.25 20:21:59.700,0.76196,0.76213,1.50,1.50
2013.01.25 20:22:01.024,0.76196,0.76218,1.50,3.23
2013.01.25 20:22:02.544,0.76196,0.76218,1.50,2.48
2013.01.25 20:22:03.095,0.762,0.76219,1.50,1.73
2013.01.25 20:22:03.155,0.762,0.76219,1.50,1.73
2013.01.25 20:22:03.274,0.762,0.76219,1.50,1.73
2013.01.25 20:22:03.942,0.762,0.76218,1.50,1.73
2013.01.25 20:22:04.184,0.76196,0.76216,1.50,1.73
2013.01.25 20:22:04.704,0.76196,0.76213,1.50,1.73
2013.01.25 20:22:06.905,0.76196,0.76214,1.50,1.35
2013.01.25 20:22:07.085,0.76192,0.76211,1.50,2.10
2013.01.25 20:22:07.145,0.76192,0.76211,1.50,1.73
2013.01.25 20:22:07.326,0.76192,0.76208,1.50,1.50
2013.01.25 20:22:07.385,0.76192,0.76208,1.50,1.73
2013.01.25 20:22:07.505,0.76189,0.76208,1.50,1.50
2013.01.25 20:22:07.984,0.76189,0.76208,1.50,1.50
2013.01.25 20:22:08.195,0.76189,0.76208,1.50,1.50
2013.01.25 20:22:08.401,0.76189,0.76208,1.50,1.50
2013.01.25 20:22:09.175,0.76189,0.76208,1.50,1.50
2013.01.25 20:22:09.574,0.76193,0.76208,1.50,1.50
2013.01.25 20:22:10.474,0.76189,0.76209,1.50,2.25
2013.01.25 20:22:12.705,0.76189,0.76208,1.50,1.50
2013.01.25 20:22:12.954,0.76184,0.76206,6.00,2.25
2013.01.25 20:22:15.163,0.76184,0.76205,1.50,1.50
2013.01.25 20:22:19.324,0.76184,0.76206,9.00,2.25
2013.01.25 20:22:19.384,0.76188,0.76208,1.50,1.50
2013.01.25 20:22:19.444,0.76188,0.76209,1.50,3.00
2013.01.25 20:22:19.983,0.76188,0.76208,1.50,1.50
2013.01.25 20:22:21.122,0.76191,0.76209,1.50,1.50
2013.01.25 20:22:22.343,0.76191,0.76213,1.50,2.48
2013.01.25 20:22:25.350,0.76191,0.76213,1.50,2.48
2013.01.25 20:22:27.105,0.76191,0.76213,1.50,2.48
2013.01.25 20:22:35.357,0.76191,0.76213,1.50,2.48
2013.01.25 20:22:40.626,0.76191,0.76213,1.50,2.25
2013.01.25 20:22:41.625,0.76194,0.76214,1.50,3.98
2013.01.25 20:22:57.614,0.76194,0.76214,1.50,3.00
2013.01.25 20:23:00.865,0.76194,0.76214,1.50,2.25
2013.01.25 20:23:01.974,0.76197,0.76215,1.50,1.50
2013.01.25 20:23:03.606,0.76197,0.76217,1.50,2.25
2013.01.25 20:23:05.434,0.76197,0.76217,1.50,2.25
2013.01.25 20:23:07.034,0.76197,0.76217,1.50,2.25
2013.01.25 20:23:08.425,0.76197,0.76216,1.50,1.50
2013.01.25 20:23:09.094,0.762,0.76217,1.50,1.50
2013.01.25 20:23:09.154,0.762,0.76218,1.50,1.50
2013.01.25 20:23:09.733,0.762,0.76219,1.50,1.50
2013.01.25 20:23:10.495,0.76195,0.76218,2.63,2.25
2013.01.25 20:23:10.614,0.76195,0.76218,1.73,3.00
2013.01.25 20:23:10.924,0.76195,0.76216,1.73,1.13
2013.01.25 20:23:11.516,0.76195,0.76216,1.73,1.13
2013.01.25 20:23:12.237,0.76195,0.76216,1.73,1.13
2013.01.25 20:23:13.164,0.76195,0.76218,1.73,2.63
2013.01.25 20:23:14.514,0.76195,0.76216,1.73,1.13
2013.01.25 20:23:15.563,0.76195,0.76216,1.73,1.13
2013.01.25 20:23:20.374,0.76195,0.76216,1.73,1.13
2013.01.25 20:23:24.275,0.76195,0.76216,1.73,1.13
2013.01.25 20:23:25.266,0.76195,0.76217,1.73,1.13
2013.01.25 20:23:25.444,0.76195,0.76217,2.48,1.13
2013.01.25 20:23:27.645,0.76195,0.76217,1.73,1.13
2013.01.25 20:23:28.209,0.76195,0.76217,1.73,1.13
2013.01.25 20:23:30.804,0.76197,0.76217,1.50,2.63
2013.01.25 20:23:41.343,0.76197,0.76215,1.50,1.13
2013.01.25 20:23:41.865,0.76197,0.76215,1.50,1.13
2013.01.25 20:23:43.173,0.76191,0.76213,1.73,2.25
2013.01.25 20:23:43.424,0.76191,0.76211,1.50,1.13
2013.01.25 20:23:43.928,0.76187,0.76209,2.10,2.25
2013.01.25 20:23:47.033,0.76187,0.76209,2.10,1.50
2013.01.25 20:23:47.096,0.76187,0.76208,1.73,1.13
2013.01.25 20:23:47.939,0.76187,0.76208,1.73,1.13
2013.01.25 20:23:53.285,0.76187,0.76208,1.73,1.13
2013.01.25 20:23:53.654,0.76187,0.76209,2.48,1.88
2013.01.25 20:23:54.401,0.76187,0.76209,1.73,2.63
2013.01.25 20:23:55.484,0.76187,0.76209,1.50,3.38
2013.01.25 20:23:57.051,0.76187,0.76209,1.73,4.13
2013.01.25 20:23:59.304,0.76192,0.76209,1.50,1.13
2013.01.25 20:23:59.425,0.76192,0.7621,1.50,1.50
2013.01.25 20:23:59.665,0.76192,0.76212,1.73,1.88
2013.01.25 20:24:00.994,0.76192,0.76212,1.73,1.88
2013.01.25 20:24:01.186,0.76192,0.76212,1.73,1.88
2013.01.25 20:24:01.504,0.76197,0.76215,1.50,1.13
2013.01.25 20:24:15.014,0.76197,0.76216,1.50,1.13
2013.01.25 20:24:17.935,0.76199,0.76216,1.50,1.13
2013.01.25 20:24:18.244,0.76201,0.76218,1.50,1.13
2013.01.25 20:24:31.319,0.76201,0.76218,1.50,1.13
2013.01.25 20:24:35.298,0.76199,0.76218,1.73,2.63
2013.01.25 20:24:35.815,0.76198,0.76218,1.50,2.63
2013.01.25 20:24:37.120,0.76198,0.76218,1.50,2.63
2013.01.25 20:24:40.744,0.76198,0.76218,1.50,1.88
2013.01.25 20:24:53.146,0.762,0.76218,1.50,2.63
2013.01.25 20:24:53.387,0.76202,0.76222,1.50,2.63
2013.01.25 20:24:53.942,0.76202,0.76222,1.50,1.88
2013.01.25 20:24:57.534,0.76205,0.76223,1.50,2.10
2013.01.25 20:25:05.165,0.76203,0.76222,1.50,1.88
2013.01.25 20:25:05.687,0.76202,0.76222,1.50,2.63
2013.01.25 20:25:05.843,0.76202,0.76222,1.50,2.63
2013.01.25 20:25:10.765,0.76202,0.76218,1.50,1.88
2013.01.25 20:25:10.824,0.76197,0.76218,1.50,1.88
2013.01.25 20:25:31.644,0.76201,0.76218,1.50,1.13
2013.01.25 20:25:32.165,0.76204,0.76221,1.50,1.13
2013.01.25 20:25:32.294,0.76204,0.76222,1.50,1.13
2013.01.25 20:26:12.651,0.76206,0.76224,1.50,1.35
2013.01.25 20:26:13.875,0.76206,0.76224,1.50,2.10
2013.01.25 20:26:14.865,0.76206,0.76225,1.50,1.35
2013.01.25 20:26:16.974,0.76206,0.76227,1.50,2.63
2013.01.25 20:26:17.164,0.76209,0.76228,1.50,1.13
2013.01.25 20:26:18.615,0.76209,0.76228,1.50,1.88
2013.01.25 20:26:20.144,0.76213,0.76228,1.50,1.13
2013.01.25 20:26:34.305,0.76213,0.76231,1.50,1.13
2013.01.25 20:26:45.665,0.76212,0.76229,1.50,1.13
2013.01.25 20:26:45.726,0.7621,0.76227,2.48,1.13
2013.01.25 20:26:45.786,0.7621,0.76227,1.73,1.32
2013.01.25 20:26:46.027,0.76196,0.76217,1.50,3.23
2013.01.25 20:26:46.084,0.76195,0.76213,2.25,1.50
2013.01.25 20:26:46.204,0.76195,0.76217,2.25,2.48
2013.01.25 20:26:46.845,0.76195,0.76217,1.50,2.48
2013.01.25 20:26:47.370,0.76195,0.76217,1.50,2.48
2013.01.25 20:26:48.044,0.76195,0.76214,1.50,1.50
2013.01.25 20:27:01.638,0.76195,0.76215,1.50,1.13
2013.01.25 20:27:02.083,0.762,0.76215,1.50,1.13
2013.01.25 20:27:03.473,0.762,0.76215,1.50,1.50
2013.01.25 20:27:03.723,0.762,0.76218,1.50,1.88
2013.01.25 20:27:19.003,0.762,0.76218,1.50,1.13
2013.01.25 20:27:20.244,0.762,0.76217,1.50,1.13
2013.01.25 20:27:20.614,0.76196,0.76216,1.50,3.00
2013.01.25 20:27:23.284,0.76196,0.76213,1.50,1.13
2013.01.25 20:27:24.063,0.76191,0.76211,1.50,1.88
2013.01.25 20:27:27.293,0.76193,0.76211,1.50,1.88
2013.01.25 20:27:27.850,0.76194,0.76213,1.50,1.13
2013.01.25 20:27:30.353,0.76194,0.76215,2.25,2.25
2013.01.25 20:27:30.615,0.76194,0.76215,1.50,2.25
2013.01.25 20:27:30.904,0.76194,0.76215,2.25,2.25
2013.01.25 20:27:31.453,0.76194,0.76215,2.25,2.25
2013.01.25 20:27:32.173,0.76192,0.7621,1.73,1.88
2013.01.25 20:27:33.264,0.76193,0.76213,1.50,1.13
2013.01.25 20:27:37.114,0.76193,0.76215,2.25,3.00
2013.01.25 20:27:37.673,0.76194,0.76213,1.50,1.13
2013.01.25 20:27:38.559,0.76194,0.76213,1.50,1.13
2013.01.25 20:27:38.655,0.76194,0.76213,1.50,1.13
2013.01.25 20:27:39.149,0.76194,0.76213,1.50,1.13
2013.01.25 20:27:39.481,0.76194,0.76213,1.50,1.13
2013.01.25 20:27:39.734,0.76194,0.76213,1.50,1.13
2013.01.25 20:27:39.953,0.76194,0.76213,1.50,1.13
2013.01.25 20:27:51.254,0.76199,0.76214,1.50,1.73
2013.01.25 20:27:51.314,0.76199,0.76215,1.50,1.73
2013.01.25 20:27:51.374,0.76199,0.76219,1.50,2.10
2013.01.25 20:27:52.074,0.76199,0.76218,1.50,2.25
2013.01.25 20:27:53.694,0.76195,0.76215,1.50,2.48
2013.01.25 20:27:56.254,0.76196,0.76215,1.50,3.98
2013.01.25 20:27:56.753,0.76198,0.76215,1.50,1.50
2013.01.25 20:28:07.729,0.76198,0.76216,1.50,1.13
2013.01.25 20:28:07.973,0.76203,0.76221,1.50,2.25
2013.01.25 20:28:23.073,0.76203,0.76223,1.50,3.98
2013.01.25 20:28:28.714,0.76204,0.76223,1.50,3.23
2013.01.25 20:28:30.504,0.76206,0.76224,1.50,2.85
2013.01.25 20:28:30.684,0.76206,0.76224,1.50,2.63
2013.01.25 20:28:31.214,0.76207,0.76224,1.50,1.13
2013.01.25 20:28:37.667,0.76207,0.76227,1.50,1.13
2013.01.25 20:28:42.483,0.76211,0.76229,1.50,3.23
2013.01.25 20:28:42.823,0.76211,0.76229,1.50,2.85
2013.01.25 20:28:46.543,0.76216,0.76232,1.50,1.35
2013.01.25 20:28:46.723,0.76216,0.76234,1.50,1.73
2013.01.25 20:28:46.843,0.76216,0.76235,1.50,1.50
2013.01.25 20:28:54.628,0.76216,0.76234,1.50,1.50
2013.01.25 20:28:54.783,0.76211,0.76232,1.50,1.13
2013.01.25 20:28:56.405,0.76211,0.76233,1.50,2.48
2013.01.25 20:28:57.640,0.76211,0.76233,1.50,1.50
2013.01.25 20:29:15.654,0.76213,0.76235,1.50,4.50
2013.01.25 20:29:22.329,0.76213,0.76235,1.50,2.25
2013.01.25 20:29:25.684,0.76213,0.76235,1.50,3.00
2013.01.25 20:29:26.223,0.76213,0.76235,1.50,2.70
2013.01.25 20:29:27.615,0.76213,0.76233,1.50,1.50
2013.01.25 20:29:27.673,0.7621,0.76231,2.25,1.50
2013.01.25 20:29:28.475,0.76209,0.76231,1.73,1.50
2013.01.25 20:29:42.604,0.76212,0.76231,1.50,1.50
2013.01.25 20:29:42.664,0.76213,0.76235,1.50,1.50
2013.01.25 20:29:42.732,0.76217,0.76235,1.50,1.50
2013.01.25 20:29:52.895,0.76217,0.76238,1.50,1.50
2013.01.25 20:30:02.385,0.76217,0.76237,1.50,1.50
2013.01.25 20:30:03.377,0.76217,0.76238,1.50,2.25
2013.01.25 20:30:03.723,0.76214,0.76237,1.50,2.25
2013.01.25 20:30:07.399,0.76214,0.76237,1.50,3.00
2013.01.25 20:30:16.263,0.76214,0.76237,1.73,3.00
2013.01.25 20:30:16.593,0.76211,0.76233,6.23,1.50
2013.01.25 20:30:19.935,0.76213,0.76233,1.50,1.50
2013.01.25 20:30:20.293,0.7622,0.76239,1.50,1.50
2013.01.25 20:30:20.473,0.76216,0.76236,1.50,1.50
2013.01.25 20:30:21.344,0.76216,0.76236,1.50,2.25
2013.01.25 20:30:28.563,0.76216,0.76236,1.73,2.25
2013.01.25 20:30:29.594,0.76216,0.76236,1.73,1.50
2013.01.25 20:30:34.383,0.76216,0.76236,1.73,1.50
2013.01.25 20:30:39.265,0.76216,0.76236,5.10,1.50
2013.01.25 20:30:40.573,0.76217,0.76239,2.48,1.50
2013.01.25 20:30:41.485,0.76217,0.76239,2.48,2.25
2013.01.25 20:30:42.193,0.76217,0.76239,3.23,1.50
2013.01.25 20:30:43.844,0.76218,0.76239,4.76,1.50
2013.01.25 20:30:44.393,0.76219,0.76239,2.51,1.50
2013.01.25 20:30:44.753,0.76219,0.76239,1.73,1.88
2013.01.25 20:30:49.725,0.76221,0.76243,2.48,1.50
2013.01.25 20:30:49.904,0.76226,0.76244,1.73,1.13
2013.01.25 20:30:51.666,0.76226,0.76246,2.48,2.63
2013.01.25 20:30:52.577,0.76226,0.76244,1.73,1.13
2013.01.25 20:30:54.415,0.76226,0.76244,1.73,1.13
2013.01.25 20:30:55.353,0.76222,0.76243,3.98,1.50
2013.01.25 20:30:55.947,0.76225,0.76247,1.73,2.25
2013.01.25 20:30:56.233,0.76225,0.76247,1.73,2.25
2013.01.25 20:30:56.781,0.76225,0.76247,2.48,1.50
2013.01.25 20:30:59.984,0.76225,0.76247,2.48,1.50
2013.01.25 20:31:02.594,0.76225,0.76247,2.48,1.50
2013.01.25 20:31:02.774,0.76229,0.7625,2.25,1.88
2013.01.25 20:31:04.993,0.76229,0.76247,2.48,1.13
2013.01.25 20:31:14.934,0.76229,0.76249,1.50,1.13
2013.01.25 20:31:17.494,0.76233,0.76248,1.50,1.13
2013.01.25 20:31:19.126,0.76228,0.76249,1.50,1.35
2013.01.25 20:31:20.674,0.76228,0.76249,1.50,1.35
2013.01.25 20:31:23.103,0.76228,0.76249,1.50,1.73
2013.01.25 20:31:29.225,0.76228,0.76249,2.25,1.73
2013.01.25 20:31:31.645,0.76228,0.76248,1.50,1.73
2013.01.25 20:31:40.314,0.76228,0.76248,1.50,2.48
2013.01.25 20:31:56.083,0.76228,0.76248,1.50,2.10
2013.01.25 20:31:58.245,0.76228,0.7625,1.73,1.88
2013.01.25 20:31:58.394,0.76228,0.7625,2.10,1.50
2013.01.25 20:31:58.714,0.76234,0.76254,2.48,2.25
2013.01.25 20:31:59.656,0.76234,0.76254,1.73,2.25
2013.01.25 20:32:01.565,0.76234,0.76254,1.73,1.50
2013.01.25 20:32:05.693,0.7624,0.7626,1.50,3.38
2013.01.25 20:32:05.935,0.7624,0.7626,1.50,1.50
2013.01.25 20:32:05.995,0.7624,0.7626,1.73,1.50
2013.01.25 20:32:06.606,0.7624,0.7626,2.25,2.10
2013.01.25 20:32:07.153,0.7624,0.7626,1.50,2.10
2013.01.25 20:32:15.885,0.76244,0.76262,1.50,2.85
2013.01.25 20:32:29.453,0.76244,0.76262,1.50,1.35
2013.01.25 20:32:29.513,0.76244,0.76262,1.50,1.13
2013.01.25 20:32:32.733,0.76244,0.76263,2.25,1.13
2013.01.25 20:32:33.223,0.76244,0.76263,1.50,1.13
2013.01.25 20:32:48.174,0.76244,0.76263,1.50,1.13
2013.01.25 20:33:13.873,0.76244,0.76264,2.25,1.88
2013.01.25 20:33:14.174,0.76249,0.76265,1.50,1.35
2013.01.25 20:33:19.973,0.76249,0.76265,1.50,1.35
2013.01.25 20:33:26.233,0.76249,0.76265,1.50,1.35
2013.01.25 20:33:35.066,0.76247,0.76261,1.50,1.50
2013.01.25 20:33:35.244,0.76245,0.76261,3.00,1.50
2013.01.25 20:33:35.724,0.76245,0.76264,1.50,1.13
2013.01.25 20:33:36.504,0.76245,0.76263,1.50,1.35
2013.01.25 20:33:39.525,0.76245,0.76263,2.25,1.35
2013.01.25 20:33:40.129,0.76245,0.76265,2.25,1.88
2013.01.25 20:33:41.426,0.76245,0.76265,2.25,2.85
2013.01.25 20:33:41.857,0.76245,0.76265,1.50,3.23
2013.01.25 20:33:41.974,0.76245,0.76255,1.50,1.50
2013.01.25 20:33:42.034,0.76243,0.76254,1.50,2.63
2013.01.25 20:33:42.094,0.76236,0.76254,3.00,2.63
2013.01.25 20:33:43.383,0.76229,0.76251,2.48,2.63
2013.01.25 20:33:43.503,0.76229,0.76251,2.48,2.63
2013.01.25 20:33:43.923,0.76229,0.76246,2.48,1.50
2013.01.25 20:33:44.044,0.76229,0.76245,1.50,1.35
2013.01.25 20:33:44.164,0.76229,0.76245,1.50,2.48
2013.01.25 20:33:44.464,0.76225,0.76245,2.48,2.25
2013.01.25 20:33:44.583,0.76221,0.76243,2.48,1.50
2013.01.25 20:33:44.944,0.76221,0.76243,2.48,1.50
2013.01.25 20:33:52.151,0.76221,0.76243,2.48,2.25
2013.01.25 20:33:53.666,0.76221,0.76243,2.25,3.98
2013.01.25 20:33:54.103,0.76221,0.76243,2.25,3.98
2013.01.25 20:34:00.574,0.76221,0.76241,2.25,1.50
2013.01.25 20:34:00.635,0.76217,0.76239,2.48,1.50
2013.01.25 20:34:32.392,0.76219,0.76239,1.50,1.50
2013.01.25 20:34:33.108,0.76219,0.76239,2.25,1.50
2013.01.25 20:34:44.184,0.76223,0.76241,1.50,1.50
2013.01.25 20:34:44.424,0.76223,0.76243,1.50,2.25
2013.01.25 20:34:45.026,0.76223,0.76243,1.50,2.48
2013.01.25 20:34:52.953,0.76219,0.76239,2.48,1.50
2013.01.25 20:34:55.319,0.76215,0.76235,1.73,1.50
2013.01.25 20:34:55.644,0.76206,0.76228,2.48,3.00
2013.01.25 20:34:55.884,0.76206,0.76228,1.73,2.25
2013.01.25 20:34:55.980,0.76206,0.76228,1.50,2.48
2013.01.25 20:34:56.224,0.76206,0.76228,1.73,2.25
2013.01.25 20:35:06.465,0.76206,0.76228,2.25,3.00
2013.01.25 20:35:11.419,0.76206,0.76226,2.25,1.50
2013.01.25 20:35:12.054,0.76203,0.76223,2.48,1.50
2013.01.25 20:35:17.403,0.76203,0.76223,1.73,1.50
2013.01.25 20:35:49.104,0.76201,0.76223,1.50,2.25
2013.01.25 20:35:49.164,0.76197,0.76219,2.48,1.50
2013.01.25 20:35:49.344,0.76197,0.76219,1.50,1.50
2013.01.25 20:35:49.404,0.76195,0.76213,1.73,1.50
2013.01.25 20:35:49.762,0.76193,0.76213,1.73,1.50
2013.01.25 20:36:09.743,0.76195,0.76215,2.48,1.50
2013.01.25 20:36:26.444,0.76201,0.76217,1.50,1.50
2013.01.25 20:36:26.504,0.76201,0.76221,2.48,1.50
2013.01.25 20:36:46.814,0.76201,0.76223,2.48,2.25
2013.01.25 20:36:57.755,0.76201,0.76223,2.48,2.25
2013.01.25 20:36:57.875,0.76197,0.76219,3.23,1.50
2013.01.25 20:36:58.384,0.76197,0.76219,3.23,1.50
2013.01.25 20:36:58.568,0.76197,0.76219,2.48,2.25
2013.01.25 20:37:05.615,0.76197,0.76219,2.48,1.50
2013.01.25 20:37:06.096,0.76197,0.76219,3.57,1.50
2013.01.25 20:37:06.155,0.76197,0.76219,3.23,1.50
2013.01.25 20:37:11.664,0.76197,0.76219,2.48,1.50
2013.01.25 20:37:18.755,0.762,0.76222,1.73,1.50
2013.01.25 20:37:38.551,0.762,0.7622,1.73,1.50
2013.01.25 20:37:48.325,0.76202,0.7622,1.35,1.50
2013.01.25 20:37:59.124,0.76203,0.76225,1.73,2.25
2013.01.25 20:37:59.424,0.76203,0.76225,1.73,2.25
2013.01.25 20:38:05.244,0.76203,0.76225,2.10,2.25
2013.01.25 20:38:05.364,0.76203,0.76225,2.10,2.25
2013.01.25 20:38:05.484,0.76203,0.76225,2.10,2.25
2013.01.25 20:38:06.994,0.76203,0.76225,2.10,2.25
2013.01.25 20:38:19.255,0.76203,0.76225,2.10,2.25
2013.01.25 20:38:19.414,0.762,0.76221,1.35,1.50
2013.01.25 20:38:23.486,0.76199,0.76221,3.98,2.25
2013.01.25 20:38:38.030,0.76199,0.76221,3.98,1.50
2013.01.25 20:38:39.686,0.762,0.76222,2.10,3.00
2013.01.25 20:39:20.586,0.76203,0.76223,2.10,1.50
2013.01.25 20:39:31.298,0.76203,0.7622,2.10,1.50
2013.01.25 20:39:31.476,0.76202,0.76219,1.35,1.50
2013.01.25 20:39:33.365,0.76197,0.76219,3.98,2.25
2013.01.25 20:39:38.578,0.76202,0.76219,1.35,1.50
2013.01.25 20:39:44.074,0.76202,0.76223,1.35,2.25
2013.01.25 20:39:44.845,0.76202,0.76223,1.35,2.25
2013.01.25 20:39:45.915,0.76201,0.76223,2.85,1.50
2013.01.25 20:39:47.665,0.76201,0.76223,2.48,1.50
2013.01.25 20:39:47.786,0.76206,0.76226,2.25,2.25
2013.01.25 20:39:47.844,0.76211,0.76229,1.50,1.13
2013.01.25 20:39:48.006,0.76211,0.76229,1.50,1.13
2013.01.25 20:39:48.718,0.76211,0.76229,2.25,1.13
2013.01.25 20:39:53.494,0.76211,0.76229,2.25,1.13
2013.01.25 20:39:53.554,0.76211,0.76231,2.25,2.25
2013.01.25 20:39:53.794,0.76216,0.76235,2.25,1.88
2013.01.25 20:40:03.967,0.76216,0.76237,2.25,1.13
2013.01.25 20:40:05.155,0.76216,0.76238,2.48,2.63
2013.01.25 20:40:05.695,0.76212,0.76234,2.48,1.50
2013.01.25 20:40:06.245,0.76211,0.7623,2.48,1.50
2013.01.25 20:40:06.426,0.76208,0.7623,2.48,1.88
2013.01.25 20:40:06.975,0.76208,0.7623,2.48,1.88
2013.01.25 20:40:07.367,0.76206,0.76226,2.48,1.50
2013.01.25 20:40:08.935,0.76204,0.76226,2.48,1.50
2013.01.25 20:40:08.994,0.76203,0.76221,2.48,1.50
2013.01.25 20:40:09.115,0.76201,0.76221,2.48,1.50
2013.01.25 20:40:09.665,0.76201,0.76221,2.48,1.50
2013.01.25 20:40:11.574,0.76197,0.76218,2.85,1.50
2013.01.25 20:40:22.874,0.76197,0.76218,2.85,1.50
2013.01.25 20:40:23.234,0.76197,0.76218,2.85,1.50
2013.01.25 20:40:31.715,0.762,0.7622,2.48,1.50
2013.01.25 20:40:38.946,0.762,0.7622,2.48,1.50
2013.01.25 20:40:39.204,0.762,0.7622,1.73,1.50
2013.01.25 20:40:51.653,0.76197,0.76221,4.35,1.50
2013.01.25 20:40:52.697,0.76197,0.76221,2.10,2.25
2013.01.25 20:41:00.214,0.76197,0.7622,1.73,1.13
2013.01.25 20:41:00.335,0.76193,0.76216,2.48,1.50
2013.01.25 20:41:00.874,0.76193,0.76216,2.48,2.25
2013.01.25 20:41:00.934,0.76193,0.76213,2.48,2.25
2013.01.25 20:41:00.994,0.76192,0.76212,2.25,1.50
2013.01.25 20:41:01.168,0.76189,0.76212,1.50,1.50
2013.01.25 20:41:05.504,0.76189,0.76212,2.48,1.50
2013.01.25 20:41:06.127,0.76189,0.76212,2.48,1.50
2013.01.25 20:41:08.177,0.76189,0.76212,2.48,1.50
2013.01.25 20:41:08.755,0.76189,0.76212,2.48,1.50
2013.01.25 20:41:09.469,0.76189,0.76212,2.48,1.50
2013.01.25 20:41:09.625,0.76189,0.76212,2.48,1.50
2013.01.25 20:41:11.544,0.76189,0.76212,2.48,1.50
2013.01.25 20:41:16.528,0.76189,0.76212,2.48,2.25
2013.01.25 20:41:17.674,0.76189,0.76212,2.48,3.00
2013.01.25 20:41:17.795,0.76193,0.76215,2.10,1.50
2013.01.25 20:41:17.856,0.76193,0.76215,2.10,2.25
2013.01.25 20:41:19.264,0.76194,0.76214,1.73,2.25
2013.01.25 20:41:19.384,0.76194,0.76214,1.73,2.63
2013.01.25 20:41:21.911,0.76191,0.76211,1.50,1.88
2013.01.25 20:41:22.166,0.76189,0.76211,1.50,1.88
2013.01.25 20:41:23.544,0.76186,0.76206,2.10,1.50
2013.01.25 20:41:23.784,0.7619,0.7621,1.50,1.88
2013.01.25 20:41:34.154,0.76193,0.76212,1.50,1.35
2013.01.25 20:41:37.965,0.76192,0.76211,1.50,2.10
2013.01.25 20:41:38.026,0.76189,0.76211,1.50,2.10
2013.01.25 20:41:38.876,0.76189,0.76211,1.50,2.10
2013.01.25 20:41:39.964,0.76189,0.76209,1.50,1.73
2013.01.25 20:41:40.206,0.76185,0.76207,1.50,2.85
2013.01.25 20:41:42.809,0.76185,0.76205,1.50,1.35
2013.01.25 20:41:45.364,0.76188,0.76207,1.50,3.38
2013.01.25 20:41:54.686,0.76188,0.76208,2.25,1.50
2013.01.25 20:41:54.745,0.76188,0.76211,2.25,1.50
2013.01.25 20:41:54.864,0.76188,0.76211,1.50,1.50
2013.01.25 20:41:55.154,0.76188,0.76211,2.25,1.50
2013.01.25 20:41:55.214,0.76194,0.76213,1.50,3.00
2013.01.25 20:41:55.754,0.76194,0.76214,1.50,1.50
2013.01.25 20:42:00.295,0.76194,0.76214,1.50,2.25
2013.01.25 20:42:00.418,0.76191,0.76212,1.13,1.50
2013.01.25 20:42:01.765,0.76188,0.76208,2.48,1.50
2013.01.25 20:42:05.025,0.76191,0.76209,2.25,1.50
2013.01.25 20:42:05.095,0.76191,0.76211,2.25,1.50
2013.01.25 20:42:13.356,0.76191,0.76211,2.25,1.50
2013.01.25 20:42:13.415,0.76191,0.76211,2.25,1.88
2013.01.25 20:42:13.948,0.76191,0.76211,1.50,1.88
2013.01.25 20:42:16.044,0.76191,0.76211,1.50,3.38
2013.01.25 20:42:16.165,0.76185,0.76205,1.50,1.73
2013.01.25 20:42:16.525,0.76185,0.762,1.50,2.10
2013.01.25 20:42:16.915,0.76176,0.76198,2.25,1.73
2013.01.25 20:42:17.884,0.76176,0.76198,2.25,1.73
2013.01.25 20:42:18.785,0.76176,0.76198,2.25,1.50
2013.01.25 20:42:19.405,0.76176,0.76198,2.25,1.50
2013.01.25 20:42:21.994,0.76176,0.76198,2.25,1.50
2013.01.25 20:42:24.254,0.7618,0.76202,2.25,2.10
2013.01.25 20:42:24.495,0.76184,0.76204,1.50,1.13
2013.01.25 20:42:25.276,0.76184,0.76205,1.50,1.13
2013.01.25 20:42:27.304,0.76184,0.76206,1.50,1.50
2013.01.25 20:42:27.364,0.76184,0.76206,1.50,2.25
2013.01.25 20:42:27.425,0.76181,0.76201,2.25,2.10
2013.01.25 20:42:27.605,0.76181,0.76201,2.25,2.10
2013.01.25 20:42:28.135,0.76181,0.76201,1.50,2.10
2013.01.25 20:42:28.439,0.7617,0.76191,2.25,1.73
2013.01.25 20:42:28.627,0.7617,0.76191,1.50,1.73
2013.01.25 20:42:30.845,0.7617,0.76191,2.25,3.23
2013.01.25 20:42:31.397,0.7617,0.76191,1.50,3.23
2013.01.25 20:42:31.904,0.7617,0.76191,1.88,3.23
2013.01.25 20:42:32.084,0.7617,0.76192,1.50,4.73
2013.01.25 20:42:32.265,0.7617,0.76191,1.50,1.73
2013.01.25 20:42:32.635,0.7617,0.76192,1.50,1.50
2013.01.25 20:42:35.355,0.7617,0.76192,2.25,2.25
2013.01.25 20:42:42.664,0.7617,0.76192,2.25,2.25
2013.01.25 20:42:46.026,0.7617,0.76192,1.50,2.48
2013.01.25 20:42:48.715,0.76173,0.76194,1.50,3.98
2013.01.25 20:42:53.676,0.76173,0.76194,1.50,1.35
2013.01.25 20:43:01.864,0.76177,0.76197,1.50,2.48
2013.01.25 20:43:06.915,0.76177,0.76198,1.50,1.35
2013.01.25 20:43:07.435,0.76177,0.76198,2.25,1.35
2013.01.25 20:43:13.735,0.76177,0.76198,2.25,1.35
2013.01.25 20:43:13.976,0.76175,0.76195,1.50,2.10
2013.01.25 20:43:14.405,0.76173,0.76195,1.50,2.10
2013.01.25 20:43:14.465,0.76175,0.76195,1.50,2.10
2013.01.25 20:43:15.065,0.76178,0.76198,1.50,3.98
2013.01.25 20:43:18.766,0.76174,0.76194,1.50,2.10
2013.01.25 20:43:20.864,0.7617,0.7619,2.25,1.50
2013.01.25 20:43:23.825,0.7617,0.7619,1.50,1.50
2013.01.25 20:43:39.565,0.76174,0.76193,1.50,2.85
2013.01.25 20:43:45.484,0.76174,0.76194,1.50,2.10
2013.01.25 20:43:50.616,0.76169,0.76192,1.88,1.50
2013.01.25 20:43:51.606,0.76169,0.76192,2.63,1.50
2013.01.25 20:43:52.780,0.76169,0.76192,1.88,1.50
2013.01.25 20:43:52.998,0.76168,0.76187,2.10,1.50
2013.01.25 20:43:53.465,0.76167,0.76182,1.13,1.50
2013.01.25 20:43:56.646,0.76163,0.76182,1.35,1.50
2013.01.25 20:43:57.174,0.76162,0.76182,1.88,1.50
2013.01.25 20:44:00.594,0.76162,0.76182,1.50,1.50
2013.01.25 20:44:01.214,0.76162,0.76182,1.50,1.88
2013.01.25 20:44:01.334,0.76157,0.76177,2.25,1.50
2013.01.25 20:44:05.774,0.76159,0.76177,1.50,1.50
2013.01.25 20:44:06.525,0.7616,0.76182,1.50,2.10
2013.01.25 20:44:11.917,0.7616,0.76182,2.25,2.10
2013.01.25 20:44:25.497,0.7616,0.76182,2.25,2.10
2013.01.25 20:44:26.054,0.7616,0.76182,2.25,2.10
2013.01.25 20:44:26.714,0.76161,0.76183,2.25,3.00
2013.01.25 20:44:34.096,0.76161,0.76183,2.25,2.25
2013.01.25 20:44:34.706,0.76161,0.76183,2.25,1.88
2013.01.25 20:44:35.675,0.76162,0.76183,1.50,1.50
2013.01.25 20:44:35.735,0.76166,0.76186,2.25,2.48
2013.01.25 20:44:35.795,0.76166,0.76186,2.25,2.48
2013.01.25 20:44:35.915,0.7617,0.76187,2.25,1.13
2013.01.25 20:44:36.445,0.7617,0.76187,2.25,1.13
2013.01.25 20:44:38.567,0.7617,0.76187,2.25,1.13
2013.01.25 20:44:41.594,0.7617,0.76187,2.25,1.13
2013.01.25 20:44:43.095,0.7617,0.76187,2.25,1.13
2013.01.25 20:44:44.855,0.7617,0.76187,2.25,1.13
2013.01.25 20:44:47.735,0.7617,0.76187,2.25,1.13
2013.01.25 20:44:52.955,0.7617,0.7619,2.25,2.10
2013.01.25 20:44:53.365,0.76168,0.76181,1.50,1.50
2013.01.25 20:44:53.425,0.76163,0.76181,2.25,1.50
2013.01.25 20:44:53.964,0.76161,0.76181,2.25,1.88
2013.01.25 20:44:55.885,0.76161,0.76181,2.25,1.88
2013.01.25 20:44:56.274,0.76164,0.76186,1.50,2.25
2013.01.25 20:44:56.754,0.76159,0.76181,2.25,1.50
2013.01.25 20:45:03.604,0.76164,0.76184,1.50,1.50
2013.01.25 20:45:04.644,0.76164,0.76184,2.25,1.50
2013.01.25 20:45:05.015,0.76167,0.76186,2.25,1.50
2013.01.25 20:45:05.074,0.76167,0.76189,2.25,2.48
2013.01.25 20:45:05.625,0.76172,0.76192,1.50,2.10
2013.01.25 20:45:08.215,0.76172,0.7619,1.50,1.35
2013.01.25 20:45:08.997,0.76172,0.76192,1.50,3.60
2013.01.25 20:45:09.175,0.76168,0.76188,1.50,1.50
2013.01.25 20:45:10.998,0.76168,0.76186,1.50,1.50
2013.01.25 20:45:11.305,0.76164,0.76183,1.35,1.50
2013.01.25 20:45:11.485,0.76163,0.76183,2.10,1.50
2013.01.25 20:45:12.164,0.76164,0.76183,1.35,1.50
2013.01.25 20:45:12.376,0.76163,0.76183,2.10,1.50
2013.01.25 20:45:12.985,0.76164,0.76183,1.35,1.50
2013.01.25 20:45:13.318,0.76163,0.76183,2.10,1.50
2013.01.25 20:45:20.236,0.76163,0.76183,2.10,1.50
2013.01.25 20:45:21.052,0.76163,0.76183,1.73,1.50
2013.01.25 20:45:21.294,0.7616,0.76179,3.23,1.50
2013.01.25 20:45:21.715,0.76159,0.76179,2.10,1.50
2013.01.25 20:45:23.565,0.76158,0.76175,1.13,1.50
2013.01.25 20:45:30.586,0.76154,0.76175,2.10,1.50
2013.01.25 20:45:31.046,0.76152,0.76172,1.13,1.50
2013.01.25 20:45:31.745,0.76152,0.76172,1.35,1.50
2013.01.25 20:45:33.765,0.76154,0.76176,2.10,1.50
2013.01.25 20:45:35.434,0.76154,0.76176,2.10,2.25
2013.01.25 20:45:36.136,0.76154,0.76176,2.10,3.75
2013.01.25 20:45:36.655,0.76154,0.76174,2.10,3.00
2013.01.25 20:45:36.714,0.76153,0.76172,1.35,1.50
2013.01.25 20:45:42.301,0.76153,0.76172,1.13,2.25
2013.01.25 20:45:42.665,0.76147,0.76167,2.48,1.50
2013.01.25 20:45:43.024,0.76157,0.76173,1.73,2.25
2013.01.25 20:45:43.084,0.76157,0.76177,1.50,1.50
2013.01.25 20:45:43.205,0.76153,0.76173,2.10,1.50
2013.01.25 20:45:43.625,0.76153,0.76173,2.48,1.50
2013.01.25 20:45:43.864,0.76154,0.76173,1.35,1.50
2013.01.25 20:45:43.924,0.76154,0.76171,1.13,1.50
2013.01.25 20:45:44.595,0.76148,0.7617,3.23,1.50
2013.01.25 20:45:48.104,0.76149,0.76167,1.73,1.50
2013.01.25 20:45:48.405,0.76147,0.76165,1.35,1.50
2013.01.25 20:45:48.541,0.76145,0.76165,2.10,1.50
2013.01.25 20:45:58.376,0.76143,0.76161,2.63,1.50
2013.01.25 20:45:58.435,0.76143,0.76161,2.25,1.50
2013.01.25 20:45:58.495,0.76143,0.76161,2.25,2.25
2013.01.25 20:45:59.116,0.76141,0.76161,1.88,2.25
2013.01.25 20:46:00.484,0.76141,0.76161,1.88,2.25
2013.01.25 20:46:01.224,0.76141,0.76161,2.10,2.25
2013.01.25 20:46:02.334,0.76141,0.76161,2.85,2.25
2013.01.25 20:46:02.994,0.76141,0.76161,2.10,2.25
2013.01.25 20:46:03.114,0.76141,0.76161,2.10,2.25
2013.01.25 20:46:03.415,0.76141,0.76161,1.88,2.25
2013.01.25 20:46:04.875,0.76137,0.76158,1.50,2.25
2013.01.25 20:46:06.565,0.76136,0.76158,2.25,2.25
2013.01.25 20:46:06.686,0.76134,0.76154,2.10,1.50
2013.01.25 20:46:07.066,0.76132,0.76154,1.88,2.25
2013.01.25 20:46:07.409,0.76135,0.76154,1.13,2.25
2013.01.25 20:46:07.965,0.76134,0.76154,3.38,2.25
2013.01.25 20:46:08.165,0.76134,0.76154,1.88,2.25
2013.01.25 20:46:11.054,0.76134,0.76154,1.88,2.25
2013.01.25 20:46:11.114,0.76134,0.76154,1.88,1.50
2013.01.25 20:46:22.695,0.76134,0.76154,1.50,1.50
2013.01.25 20:46:22.755,0.76134,0.76154,2.25,1.50
2013.01.25 20:46:23.067,0.76141,0.76157,1.50,1.13
2013.01.25 20:46:23.125,0.76141,0.76159,1.50,2.25
2013.01.25 20:46:23.375,0.76146,0.76159,1.50,2.25
2013.01.25 20:46:23.615,0.76146,0.76162,1.50,1.13
2013.01.25 20:46:25.585,0.76146,0.76166,2.63,1.50
2013.01.25 20:46:25.766,0.76149,0.7617,1.50,1.50
2013.01.25 20:46:26.393,0.76149,0.76171,1.50,3.60
2013.01.25 20:46:30.425,0.76149,0.76171,2.25,3.83
2013.01.25 20:46:30.606,0.76149,0.76171,1.50,3.83
2013.01.25 20:46:30.845,0.76149,0.76159,1.50,1.13
2013.01.25 20:46:31.145,0.76131,0.76152,1.35,5.89
2013.01.25 20:46:31.205,0.76129,0.76148,2.85,1.73
2013.01.25 20:46:31.265,0.76129,0.76147,2.25,1.73
2013.01.25 20:46:31.568,0.76129,0.76148,1.50,1.50
2013.01.25 20:46:31.635,0.76125,0.76147,2.25,2.25
2013.01.25 20:46:31.696,0.76125,0.76147,2.25,2.10
2013.01.25 20:46:32.235,0.76125,0.76147,1.50,2.10
2013.01.25 20:46:32.535,0.76123,0.76143,1.50,1.50
2013.01.25 20:46:32.655,0.7612,0.76143,3.00,2.48
2013.01.25 20:46:33.326,0.7612,0.76141,2.25,1.58
2013.01.25 20:46:34.255,0.7612,0.76139,1.50,1.50
2013.01.25 20:46:34.514,0.76118,0.76138,1.50,1.88
2013.01.25 20:46:35.085,0.76117,0.76138,1.50,2.63
2013.01.25 20:46:37.714,0.76117,0.76134,1.50,1.13
2013.01.25 20:46:38.215,0.76117,0.76138,1.50,2.63
2013.01.25 20:46:43.175,0.76122,0.76141,1.50,2.10
2013.01.25 20:46:48.846,0.76124,0.76141,1.50,1.35
2013.01.25 20:46:49.146,0.76126,0.76143,1.50,1.35
2013.01.25 20:46:51.944,0.76126,0.76143,1.50,1.73
2013.01.25 20:46:52.744,0.76121,0.76133,1.73,1.13
2013.01.25 20:46:52.865,0.76117,0.76133,2.25,1.13
2013.01.25 20:46:53.480,0.76117,0.76133,1.50,1.13
2013.01.25 20:46:54.476,0.76117,0.76132,1.50,1.13
2013.01.25 20:46:54.714,0.76117,0.76134,1.50,1.13
2013.01.25 20:46:55.184,0.76113,0.76133,1.50,1.88
2013.01.25 20:46:55.366,0.76108,0.7613,1.73,1.50
2013.01.25 20:46:55.605,0.76108,0.76128,1.50,1.50
2013.01.25 20:46:56.107,0.76105,0.76125,1.50,1.50
2013.01.25 20:46:57.028,0.76105,0.76125,1.50,1.88
2013.01.25 20:47:04.734,0.76105,0.76125,1.50,1.50
2013.01.25 20:47:04.855,0.76107,0.76125,1.50,1.50
2013.01.25 20:47:05.166,0.76109,0.76127,1.50,1.13
2013.01.25 20:47:07.166,0.76109,0.76127,2.25,1.13
2013.01.25 20:47:07.725,0.76109,0.76128,2.25,1.35
2013.01.25 20:47:08.408,0.76109,0.76128,1.50,2.10
2013.01.25 20:47:09.214,0.76109,0.76128,1.50,2.10
2013.01.25 20:47:09.394,0.76105,0.76125,2.25,2.10
2013.01.25 20:47:09.694,0.76105,0.76125,2.25,2.10
2013.01.25 20:47:10.245,0.76105,0.76125,2.25,2.63
2013.01.25 20:47:10.774,0.76105,0.76125,2.25,1.88
2013.01.25 20:47:11.247,0.76108,0.7613,2.25,2.25
2013.01.25 20:47:11.474,0.76108,0.7613,1.50,2.25
2013.01.25 20:47:26.486,0.76108,0.7613,1.50,3.00
2013.01.25 20:47:26.694,0.76114,0.76131,1.50,1.50
2013.01.25 20:47:27.765,0.76111,0.7613,1.50,2.25
2013.01.25 20:47:28.799,0.7611,0.7613,2.25,2.25
2013.01.25 20:47:29.164,0.7611,0.7613,1.50,2.25
2013.01.25 20:47:29.734,0.7611,0.7613,2.25,3.00
2013.01.25 20:47:30.235,0.7611,0.7613,1.50,3.00
2013.01.25 20:47:30.596,0.76113,0.7613,1.50,1.50
2013.01.25 20:47:31.105,0.76115,0.7613,1.50,1.50
2013.01.25 20:47:31.436,0.76117,0.76135,2.25,3.08
2013.01.25 20:47:34.274,0.76113,0.76132,1.50,1.73
2013.01.25 20:47:34.875,0.76109,0.76127,2.25,1.13
2013.01.25 20:47:35.296,0.76109,0.76128,1.50,1.13
2013.01.25 20:47:38.435,0.76109,0.76128,2.25,1.13
2013.01.25 20:47:38.745,0.76109,0.76131,2.25,1.88
2013.01.25 20:47:54.515,0.76117,0.76139,2.25,2.63
2013.01.25 20:47:55.125,0.76117,0.76139,2.25,2.63
2013.01.25 20:47:57.866,0.76117,0.76139,1.50,2.63
2013.01.25 20:47:59.736,0.76119,0.76139,1.50,2.63
2013.01.25 20:48:00.444,0.76119,0.76139,1.50,1.88
2013.01.25 20:48:00.745,0.76119,0.76139,1.50,1.88
2013.01.25 20:48:01.805,0.76123,0.76141,1.50,2.25
2013.01.25 20:48:05.095,0.76121,0.76139,1.50,1.13
2013.01.25 20:48:05.474,0.76118,0.76139,1.50,1.13
2013.01.25 20:48:09.450,0.76118,0.7614,1.50,1.73
2013.01.25 20:48:09.577,0.76118,0.7614,2.25,1.73
2013.01.25 20:48:09.935,0.76131,0.76151,2.25,2.48
2013.01.25 20:48:10.484,0.7613,0.76152,2.25,2.25
2013.01.25 20:48:10.736,0.76133,0.76152,1.50,1.50
2013.01.25 20:48:10.924,0.76134,0.76156,1.50,1.88
2013.01.25 20:48:17.324,0.76134,0.76156,1.50,3.75
2013.01.25 20:48:17.386,0.7613,0.76152,2.25,1.88
2013.01.25 20:48:26.871,0.7613,0.76152,2.25,1.73
2013.01.25 20:48:27.055,0.7613,0.76152,3.23,1.50
2013.01.25 20:48:27.415,0.76138,0.76159,2.25,1.13
2013.01.25 20:48:27.718,0.76135,0.76155,1.50,1.50
2013.01.25 20:48:28.024,0.76135,0.76154,1.50,1.35
2013.01.25 20:48:29.025,0.76135,0.76155,1.50,2.25
2013.01.25 20:48:29.167,0.76135,0.76155,1.50,2.63
2013.01.25 20:48:29.504,0.76135,0.76154,1.50,1.35
2013.01.25 20:48:32.755,0.7613,0.76152,1.50,1.73
2013.01.25 20:48:36.363,0.7613,0.76152,1.50,2.48
2013.01.25 20:48:37.196,0.7613,0.76152,1.50,1.73
2013.01.25 20:48:42.346,0.7613,0.76152,1.50,2.48
2013.01.25 20:48:44.656,0.7613,0.76152,1.50,1.73
2013.01.25 20:48:45.279,0.7613,0.76152,1.50,1.50
2013.01.25 20:48:51.406,0.7613,0.76152,1.50,2.48
2013.01.25 20:48:51.764,0.7613,0.76152,2.25,2.25
2013.01.25 20:48:53.405,0.7613,0.76152,1.50,2.25
2013.01.25 20:48:53.886,0.7613,0.7615,2.25,1.88
2013.01.25 20:48:54.385,0.7613,0.7615,2.25,1.50
2013.01.25 20:48:54.505,0.7613,0.7615,1.50,1.50
2013.01.25 20:48:54.625,0.76133,0.76152,1.50,1.50
2013.01.25 20:48:54.684,0.76133,0.76155,1.50,1.88
2013.01.25 20:48:55.165,0.76133,0.76155,1.50,2.25
2013.01.25 20:48:55.585,0.76129,0.76151,1.50,1.88
2013.01.25 20:48:58.818,0.76129,0.76151,1.73,1.88
2013.01.25 20:49:01.785,0.76134,0.76154,1.50,2.25
2013.01.25 20:49:02.166,0.76138,0.76157,1.50,2.25
2013.01.25 20:49:11.285,0.76138,0.76158,1.50,3.00
2013.01.25 20:49:20.127,0.76142,0.7616,1.50,3.60
2013.01.25 20:49:20.197,0.76142,0.7616,1.50,1.73
2013.01.25 20:49:21.315,0.7614,0.76159,1.73,1.88
2013.01.25 20:49:21.435,0.76138,0.76159,1.73,1.88
2013.01.25 20:49:29.795,0.76142,0.76162,2.25,2.25
2013.01.25 20:49:30.096,0.76146,0.76164,1.50,3.00
2013.01.25 20:49:30.599,0.76146,0.76166,2.25,3.00
2013.01.25 20:49:42.295,0.76146,0.76166,2.25,2.25
2013.01.25 20:49:47.536,0.76146,0.76166,2.25,2.25
2013.01.25 20:49:47.776,0.76149,0.7617,2.25,2.25
2013.01.25 20:49:47.836,0.76149,0.76171,2.48,3.38
2013.01.25 20:49:47.895,0.76154,0.76171,1.50,1.88
2013.01.25 20:49:54.875,0.76158,0.76178,1.50,3.00
2013.01.25 20:49:54.934,0.76158,0.76178,1.50,1.88
2013.01.25 20:49:54.996,0.76161,0.76179,1.50,1.13
2013.01.25 20:49:57.775,0.7616,0.76174,1.50,1.88
2013.01.25 20:49:57.835,0.76154,0.76174,1.50,1.88
2013.01.25 20:50:11.764,0.76149,0.76171,1.73,2.63
2013.01.25 20:50:11.825,0.76149,0.76171,1.73,2.63
2013.01.25 20:50:12.456,0.76149,0.76171,1.73,3.38
2013.01.25 20:50:13.265,0.76149,0.76171,1.73,2.25
2013.01.25 20:50:22.185,0.76145,0.76167,1.73,1.88
2013.01.25 20:50:22.545,0.76145,0.76167,2.48,2.25
2013.01.25 20:50:22.605,0.76145,0.76167,2.25,2.25
2013.01.25 20:50:37.839,0.76141,0.76163,2.48,2.63
2013.01.25 20:51:01.207,0.76144,0.76159,1.73,1.50
2013.01.25 20:51:01.325,0.76137,0.76157,1.50,2.25
2013.01.25 20:51:01.385,0.76137,0.76157,1.50,2.25
2013.01.25 20:51:03.665,0.7614,0.76157,1.50,1.13
2013.01.25 20:51:03.905,0.7614,0.76161,2.25,1.35
2013.01.25 20:51:04.886,0.7614,0.76161,1.50,1.35
2013.01.25 20:51:06.287,0.76136,0.76156,1.50,1.88
2013.01.25 20:51:06.604,0.76136,0.76156,1.73,1.88
2013.01.25 20:51:06.905,0.76136,0.76156,1.73,1.50
2013.01.25 20:51:07.365,0.7614,0.7616,1.73,2.25
2013.01.25 20:51:09.295,0.7614,0.7616,1.73,2.25
2013.01.25 20:51:13.365,0.76143,0.76161,1.50,1.13
2013.01.25 20:51:14.125,0.76143,0.76163,1.73,1.88
2013.01.25 20:51:21.426,0.76148,0.76163,1.73,1.13
2013.01.25 20:51:21.545,0.76145,0.76161,1.50,1.13
2013.01.25 20:51:22.074,0.76144,0.76158,1.50,1.13
2013.01.25 20:51:33.645,0.76144,0.76164,1.73,3.00
2013.01.25 20:51:34.255,0.76146,0.76164,1.50,2.25
2013.01.25 20:51:34.856,0.76147,0.76166,1.50,1.50
2013.01.25 20:51:35.285,0.76147,0.76166,1.50,1.13
2013.01.25 20:51:35.795,0.76147,0.76168,1.73,1.88
2013.01.25 20:51:37.615,0.76147,0.76169,1.73,3.00
2013.01.25 20:51:39.433,0.76147,0.76169,2.48,2.25
2013.01.25 20:51:41.285,0.76147,0.76169,2.48,2.25
2013.01.25 20:51:42.326,0.76147,0.76169,2.48,2.25
2013.01.25 20:51:43.695,0.76147,0.76168,2.48,1.13
2013.01.25 20:51:43.876,0.76147,0.76169,2.48,2.25
2013.01.25 20:51:46.395,0.76147,0.76169,2.48,2.25
2013.01.25 20:51:46.455,0.7615,0.76169,2.48,1.88
2013.01.25 20:51:50.146,0.76152,0.76171,1.50,2.25
2013.01.25 20:51:53.344,0.76152,0.76171,1.50,2.25
2013.01.25 20:52:02.916,0.76152,0.76171,1.50,2.25
2013.01.25 20:52:04.515,0.76148,0.76168,1.50,1.88
2013.01.25 20:52:18.893,0.76148,0.76168,1.73,1.88
2013.01.25 20:52:24.774,0.76149,0.76169,1.50,1.88
2013.01.25 20:52:36.224,0.76149,0.76169,1.50,2.25
2013.01.25 20:53:05.775,0.76148,0.76168,1.50,2.63
2013.01.25 20:53:46.635,0.7615,0.76172,1.50,2.25
2013.01.25 20:53:47.766,0.7615,0.76169,1.50,1.50
2013.01.25 20:53:47.888,0.7615,0.76172,1.50,2.85
2013.01.25 20:53:48.066,0.76158,0.76173,1.50,1.73
2013.01.25 20:53:50.937,0.76153,0.76173,1.50,1.88
2013.01.25 20:53:51.991,0.76153,0.76173,1.73,1.88
2013.01.25 20:53:52.345,0.76158,0.76178,1.73,1.50
2013.01.25 20:53:52.846,0.76158,0.76178,1.50,1.50
2013.01.25 20:53:53.806,0.76163,0.76178,1.50,1.50
2013.01.25 20:53:58.366,0.76163,0.76184,1.73,1.13
2013.01.25 20:53:58.485,0.76163,0.76185,1.73,1.88
2013.01.25 20:53:58.786,0.76167,0.76189,1.73,3.00
2013.01.25 20:53:59.775,0.76167,0.76188,2.48,1.13
2013.01.25 20:54:00.797,0.76167,0.76188,1.73,1.13
2013.01.25 20:54:07.397,0.76167,0.76184,1.73,1.13
2013.01.25 20:54:07.657,0.76167,0.76183,1.50,1.50
2013.01.25 20:54:08.242,0.76165,0.76178,1.50,1.13
2013.01.25 20:54:08.367,0.76163,0.76178,1.50,1.13
2013.01.25 20:54:09.925,0.76163,0.76183,1.73,1.50
2013.01.25 20:54:10.825,0.76163,0.76183,1.50,1.50
2013.01.25 20:54:14.187,0.76166,0.76184,2.25,1.50
2013.01.25 20:54:14.249,0.76168,0.76187,1.73,1.13
2013.01.25 20:54:14.438,0.76168,0.76188,1.50,1.13
2013.01.25 20:54:14.946,0.76165,0.76185,2.48,1.88
2013.01.25 20:54:15.148,0.76165,0.76185,1.73,1.88
2013.01.25 20:54:15.267,0.76165,0.76185,1.73,1.88
2013.01.25 20:54:17.673,0.76165,0.76185,1.73,2.63
2013.01.25 20:54:18.776,0.76165,0.76185,1.73,1.88
2013.01.25 20:54:19.158,0.76165,0.76185,1.73,2.63
2013.01.25 20:54:22.856,0.76165,0.76185,1.73,1.88
2013.01.25 20:54:23.100,0.76165,0.76185,1.73,1.88
2013.01.25 20:54:23.249,0.76165,0.76185,2.48,1.88
2013.01.25 20:54:24.027,0.76165,0.76185,1.73,1.88
2013.01.25 20:54:24.336,0.76168,0.76188,1.73,1.13
2013.01.25 20:54:25.096,0.76168,0.76189,1.73,1.13
2013.01.25 20:54:25.575,0.76164,0.76187,1.73,2.25
2013.01.25 20:54:25.636,0.76164,0.76183,1.73,1.13
2013.01.25 20:54:25.876,0.76161,0.76181,1.73,1.88
2013.01.25 20:54:27.213,0.76159,0.76178,1.73,1.50
2013.01.25 20:54:27.526,0.76159,0.76178,1.73,1.50
2013.01.25 20:54:27.926,0.76161,0.7618,2.48,1.50
2013.01.25 20:54:28.047,0.7616,0.76182,1.73,1.88
2013.01.25 20:54:28.236,0.7616,0.76182,1.73,1.88
2013.01.25 20:54:31.107,0.7616,0.76179,1.73,1.50
2013.01.25 20:54:31.466,0.76161,0.76183,2.48,1.88
2013.01.25 20:54:32.005,0.76161,0.76178,1.73,1.50
2013.01.25 20:54:32.306,0.76156,0.76176,1.73,1.88
2013.01.25 20:54:32.876,0.76154,0.76176,2.48,1.88
2013.01.25 20:54:34.646,0.76158,0.76178,1.50,1.88
2013.01.25 20:54:34.707,0.76159,0.76178,1.34,1.88
2013.01.25 20:54:34.826,0.76164,0.76181,1.73,1.50
2013.01.25 20:54:35.066,0.76169,0.76188,1.73,2.25
2013.01.25 20:54:35.246,0.76169,0.76189,1.73,1.50
2013.01.25 20:54:37.397,0.76169,0.76189,2.48,1.88
2013.01.25 20:54:41.520,0.76169,0.76189,1.73,1.88
2013.01.25 20:54:41.648,0.76169,0.76189,1.73,1.88
2013.01.25 20:54:44.915,0.76169,0.76189,1.73,1.50
2013.01.25 20:54:44.975,0.76173,0.76192,1.50,2.63
2013.01.25 20:54:45.276,0.76173,0.76193,1.73,1.88
2013.01.25 20:54:46.466,0.76173,0.76193,1.73,2.63
2013.01.25 20:54:47.471,0.76173,0.76192,1.73,1.13
2013.01.25 20:54:47.775,0.76173,0.76191,1.50,1.50
2013.01.25 20:54:48.118,0.76171,0.76189,1.50,1.88
2013.01.25 20:54:48.951,0.76169,0.76189,1.73,1.88
2013.01.25 20:54:49.876,0.7617,0.76189,1.73,1.50
2013.01.25 20:54:49.935,0.76172,0.76193,1.50,1.88
2013.01.25 20:54:49.996,0.76172,0.76193,1.73,1.88
2013.01.25 20:54:52.865,0.76172,0.76193,1.73,1.13
2013.01.25 20:54:53.116,0.76169,0.76189,1.73,1.50
2013.01.25 20:54:55.806,0.76169,0.76189,1.73,1.88
2013.01.25 20:54:55.866,0.76169,0.76189,1.50,1.88
2013.01.25 20:54:55.986,0.76167,0.76185,1.73,1.50
2013.01.25 20:54:56.346,0.76161,0.76181,2.48,1.88
2013.01.25 20:54:58.276,0.76164,0.76186,2.09,2.25
2013.01.25 20:54:58.396,0.7617,0.76188,1.50,2.25
2013.01.25 20:54:59.556,0.7617,0.76189,1.50,1.13
2013.01.25 20:54:59.675,0.7617,0.7619,1.73,1.88
2013.01.25 20:55:02.426,0.7617,0.7619,2.48,1.88
2013.01.25 20:55:04.947,0.7617,0.76188,1.73,1.13
2013.01.25 20:55:05.066,0.76166,0.76186,1.73,1.50
2013.01.25 20:55:05.687,0.76166,0.76186,1.73,1.50
2013.01.25 20:55:06.137,0.76169,0.76188,1.73,1.13
2013.01.25 20:55:06.197,0.76171,0.76191,1.35,1.50
2013.01.25 20:55:06.572,0.76182,0.76202,1.73,4.13
2013.01.25 20:55:07.076,0.76182,0.76199,1.50,1.13
2013.01.25 20:55:07.136,0.76177,0.76199,1.73,2.63
2013.01.25 20:55:07.496,0.76177,0.76199,1.73,2.63
2013.01.25 20:55:11.718,0.76177,0.76196,1.73,1.13
2013.01.25 20:55:12.645,0.76177,0.76194,1.73,1.50
2013.01.25 20:55:12.826,0.76173,0.76194,1.73,1.50
2013.01.25 20:55:28.833,0.7617,0.7619,1.73,1.88
2013.01.25 20:55:29.482,0.7617,0.7619,1.73,1.88
2013.01.25 20:55:34.687,0.76179,0.76198,1.50,1.88
2013.01.25 20:55:37.556,0.76179,0.76199,1.50,1.88
2013.01.25 20:55:40.355,0.76176,0.76195,1.50,1.50
2013.01.25 20:55:40.876,0.76175,0.76195,1.73,1.50
2013.01.25 20:55:42.677,0.76175,0.76195,2.48,1.50
2013.01.25 20:55:42.986,0.7618,0.762,2.25,1.88
2013.01.25 20:55:43.796,0.7618,0.762,1.73,1.88
2013.01.25 20:55:45.935,0.76175,0.76197,2.48,1.88
2013.01.25 20:55:46.128,0.76179,0.76201,1.73,3.75
2013.01.25 20:55:46.666,0.76183,0.76201,1.50,2.25
2013.01.25 20:55:50.255,0.76183,0.76205,1.50,2.67
2013.01.25 20:56:00.266,0.76183,0.76205,1.50,1.88
2013.01.25 20:56:03.166,0.76183,0.76205,1.73,1.88
2013.01.25 20:56:03.718,0.76183,0.76205,1.73,1.88
2013.01.25 20:56:04.087,0.76188,0.76206,1.50,1.88
2013.01.25 20:56:04.205,0.76182,0.76204,3.98,1.50
2013.01.25 20:56:04.706,0.76182,0.76204,1.73,2.25
2013.01.25 20:56:05.284,0.76182,0.76203,1.73,1.13
2013.01.25 20:56:07.706,0.76184,0.76204,2.48,1.50
2013.01.25 20:56:08.177,0.76194,0.76209,1.50,1.13
2013.01.25 20:56:09.545,0.7619,0.76209,1.50,1.13
2013.01.25 20:56:11.175,0.7619,0.7621,1.50,1.13
2013.01.25 20:56:11.297,0.76187,0.76207,1.73,1.50
2013.01.25 20:56:11.655,0.76187,0.76207,1.50,2.25
2013.01.25 20:56:27.016,0.76187,0.76207,1.50,3.00
2013.01.25 20:56:27.536,0.76182,0.76204,1.50,1.88
2013.01.25 20:56:33.128,0.76182,0.76204,1.50,1.50
2013.01.25 20:56:58.167,0.76182,0.76204,1.73,1.50
2013.01.25 20:57:01.037,0.76182,0.76204,1.73,1.88
2013.01.25 20:57:01.555,0.76182,0.76202,1.50,2.25
2013.01.25 20:57:01.946,0.76179,0.762,1.73,1.50
2013.01.25 20:57:02.535,0.76179,0.762,1.73,2.25
2013.01.25 20:57:02.596,0.76177,0.76196,2.10,1.50
2013.01.25 20:57:02.717,0.76176,0.76196,2.10,1.50
2013.01.25 20:57:16.380,0.76176,0.76196,2.10,1.50
2013.01.25 20:57:17.627,0.76176,0.76196,1.73,1.50
2013.01.25 20:57:17.836,0.76176,0.76193,1.50,1.50
2013.01.25 20:57:17.996,0.76176,0.76196,1.50,3.75
2013.01.25 20:57:18.355,0.7618,0.76198,1.50,2.63
2013.01.25 20:57:27.621,0.76177,0.76197,1.50,1.50
2013.01.25 20:57:28.146,0.76175,0.76197,1.73,1.50
2013.01.25 20:57:31.793,0.76175,0.76197,1.73,1.50
2013.01.25 20:57:33.777,0.76175,0.76197,1.73,2.25
2013.01.25 20:57:34.586,0.76172,0.76192,1.73,1.50
2013.01.25 20:57:35.816,0.76172,0.76192,1.73,1.50
2013.01.25 20:57:36.275,0.76172,0.76192,1.73,1.50
2013.01.25 20:57:36.422,0.76172,0.76192,1.50,1.50
2013.01.25 20:57:40.878,0.76172,0.76192,1.50,2.25
2013.01.25 20:57:41.257,0.76172,0.76192,1.50,1.50
2013.01.25 20:57:44.390,0.76172,0.76192,1.50,2.25
2013.01.25 20:57:47.496,0.7617,0.76189,1.50,2.25
2013.01.25 20:57:48.066,0.76167,0.76189,1.88,2.25
2013.01.25 20:57:50.212,0.76167,0.76189,1.88,2.25
2013.01.25 20:57:50.726,0.76168,0.76189,1.35,1.50
2013.01.25 20:57:51.046,0.76176,0.76194,1.50,1.13
2013.01.25 20:57:53.716,0.76172,0.76192,1.73,1.50
2013.01.25 20:57:53.777,0.76172,0.76192,3.23,1.50
2013.01.25 20:57:53.837,0.76177,0.76199,1.88,2.48
2013.01.25 20:57:53.897,0.76177,0.76199,2.10,2.25
2013.01.25 20:57:54.346,0.76177,0.76199,2.10,2.25
2013.01.25 20:57:54.466,0.76177,0.76199,1.88,2.25
2013.01.25 20:57:55.455,0.76177,0.76199,2.10,2.25
2013.01.25 20:57:56.207,0.76177,0.76199,2.10,2.25
2013.01.25 20:57:56.374,0.76177,0.76197,2.10,1.50
2013.01.25 20:57:56.675,0.76174,0.76194,1.88,1.50
2013.01.25 20:57:59.129,0.76174,0.76194,1.88,2.25
2013.01.25 20:58:04.505,0.76174,0.76194,1.88,2.25
2013.01.25 20:58:09.376,0.76174,0.76194,1.50,2.25
2013.01.25 20:58:10.460,0.76174,0.76194,1.50,2.25
2013.01.25 20:58:10.647,0.76177,0.76198,2.10,1.50
2013.01.25 20:58:11.677,0.76177,0.76198,1.88,1.50
2013.01.25 20:58:11.736,0.7618,0.76201,1.73,1.50
2013.01.25 20:58:12.116,0.7618,0.76203,2.10,3.75
2013.01.25 20:58:12.265,0.7618,0.76203,1.73,3.75
2013.01.25 20:58:12.805,0.7618,0.76202,2.10,1.50
2013.01.25 20:58:13.206,0.7618,0.76203,2.10,1.50
2013.01.25 20:58:13.386,0.76184,0.76206,1.50,3.38
2013.01.25 20:58:14.136,0.76184,0.76206,1.50,3.38
2013.01.25 20:58:18.087,0.76182,0.76202,1.88,2.25
2013.01.25 20:58:26.319,0.7618,0.76202,1.73,3.00
2013.01.25 20:58:26.387,0.76178,0.76197,1.35,2.25
2013.01.25 20:58:28.595,0.76177,0.76197,2.10,2.25
2013.01.25 20:58:31.408,0.76177,0.76197,2.10,1.50
2013.01.25 20:58:32.645,0.76177,0.76197,1.88,2.25
2013.01.25 20:58:40.533,0.76177,0.76197,1.88,1.50
2013.01.25 20:58:46.588,0.76178,0.76199,1.88,2.25
2013.01.25 20:58:59.582,0.76178,0.76199,1.88,1.50
2013.01.25 20:59:03.906,0.76178,0.76195,0.38,1.50
2013.01.25 20:59:05.546,0.7618,0.76198,1.50,0.75
2013.01.25 20:59:05.665,0.7618,0.762,1.50,1.50
2013.01.25 20:59:07.155,0.7618,0.76199,1.50,0.75
2013.01.25 20:59:15.438,0.7618,0.76198,1.50,0.75
2013.01.25 20:59:15.855,0.76182,0.762,0.38,1.50
2013.01.25 20:59:15.916,0.76183,0.76203,1.50,2.10
2013.01.25 20:59:18.035,0.76183,0.76199,1.50,0.75
2013.01.25 20:59:18.095,0.76181,0.76199,0.23,0.75
2013.01.25 20:59:18.215,0.76177,0.76197,1.50,1.50
2013.01.25 20:59:18.795,0.76176,0.76197,0.38,1.50
2013.01.25 20:59:22.636,0.76178,0.76197,0.23,1.50
2013.01.25 20:59:23.825,0.76179,0.76198,1.50,1.50
2013.01.25 20:59:24.477,0.76179,0.76199,1.50,0.75
2013.01.25 20:59:27.615,0.76179,0.762,1.50,0.38
2013.01.25 20:59:27.976,0.76181,0.76201,0.38,1.50
2013.01.25 20:59:29.655,0.76181,0.76199,0.38,0.75
2013.01.25 20:59:30.027,0.76181,0.76196,0.38,1.50
2013.01.25 20:59:30.915,0.76176,0.76196,1.88,1.50
2013.01.25 20:59:31.655,0.76176,0.76195,1.88,0.75
2013.01.25 20:59:32.237,0.76176,0.76194,1.88,0.75
2013.01.25 20:59:34.188,0.76176,0.76196,1.88,2.25
2013.01.25 20:59:34.877,0.76176,0.76195,2.63,0.75
2013.01.25 20:59:37.635,0.76176,0.76196,2.63,1.50
2013.01.25 20:59:38.319,0.76179,0.762,1.50,1.88
2013.01.25 20:59:41.156,0.76179,0.76199,1.50,0.75
2013.01.25 20:59:41.215,0.76179,0.76196,1.50,0.38
2013.01.25 20:59:41.645,0.76179,0.76198,1.50,0.23
2013.01.25 20:59:41.825,0.76183,0.76199,1.50,0.75
2013.01.25 20:59:49.495,0.76179,0.76199,1.50,2.25
2013.01.25 20:59:56.931,0.76179,0.76194,1.50,0.75
2013.01.25 20:59:59.737,0.7618,0.76194,1.50,0.75
