2017.01.18 16:00:00.197,0.81529,0.8155,1.00,1.00
2017.01.18 16:00:00.450,0.8153,0.81553,1.00,1.00
2017.01.18 16:00:00.501,0.81532,0.81553,1.00,1.00
2017.01.18 16:00:00.602,0.81533,0.81555,2.25,1.00
2017.01.18 16:00:00.653,0.81537,0.8156,1.00,1.00
2017.01.18 16:00:00.704,0.8154,0.8156,1.00,1.00
2017.01.18 16:00:00.754,0.81539,0.81564,1.50,1.00
2017.01.18 16:00:00.856,0.81541,0.81564,1.00,1.00
2017.01.18 16:00:00.906,0.81542,0.81566,1.00,1.00
2017.01.18 16:00:00.957,0.81544,0.81565,1.50,1.00
2017.01.18 16:00:01.462,0.81542,0.81567,2.25,1.50
2017.01.18 16:00:01.613,0.81542,0.81563,1.00,1.00
2017.01.18 16:00:01.964,0.81528,0.81551,1.00,1.50
2017.01.18 16:00:02.063,0.81526,0.81552,1.00,1.00
2017.01.18 16:00:02.643,0.8153,0.81553,1.00,1.00
2017.01.18 16:00:03.155,0.8153,0.81552,1.00,1.50
2017.01.18 16:00:03.206,0.81526,0.8155,1.00,1.00
2017.01.18 16:00:03.714,0.81527,0.8155,1.00,2.25
2017.01.18 16:00:03.983,0.81525,0.81549,1.00,1.50
2017.01.18 16:00:04.034,0.81529,0.81549,1.00,1.00
2017.01.18 16:00:04.085,0.81527,0.8155,1.00,1.00
2017.01.18 16:00:04.590,0.81527,0.81549,1.00,1.00
2017.01.18 16:00:04.641,0.81529,0.81549,1.00,1.00
2017.01.18 16:00:04.846,0.81531,0.81553,1.00,1.50
2017.01.18 16:00:04.973,0.81531,0.81551,1.00,1.00
2017.01.18 16:00:05.060,0.81531,0.81553,1.50,1.00
2017.01.18 16:00:05.212,0.81533,0.81553,1.00,1.00
2017.01.18 16:00:05.385,0.81533,0.81555,1.00,1.50
2017.01.18 16:00:06.061,0.81533,0.81554,1.00,1.00
2017.01.18 16:00:06.263,0.8153,0.8155,1.00,1.00
2017.01.18 16:00:06.668,0.81528,0.81548,1.00,1.50
2017.01.18 16:00:06.971,0.8153,0.8155,1.00,1.00
2017.01.18 16:00:07.362,0.81525,0.81546,1.50,1.00
2017.01.18 16:00:07.413,0.81525,0.81548,1.50,1.00
2017.01.18 16:00:07.915,0.81525,0.81549,1.50,2.25
2017.01.18 16:00:07.966,0.81525,0.81547,1.50,1.00
2017.01.18 16:00:08.494,0.81525,0.81544,1.50,1.00
2017.01.18 16:00:09.029,0.81521,0.81544,1.00,3.60
2017.01.18 16:00:09.231,0.81516,0.81538,1.00,1.00
2017.01.18 16:00:09.725,0.81525,0.81538,1.00,1.00
2017.01.18 16:00:09.776,0.81525,0.81543,1.00,2.10
2017.01.18 16:00:09.877,0.81525,0.81546,1.00,1.00
2017.01.18 16:00:10.091,0.81522,0.81545,1.50,1.35
2017.01.18 16:00:10.641,0.81522,0.81545,1.00,1.60
2017.01.18 16:00:11.152,0.81522,0.81545,1.00,2.85
2017.01.18 16:00:11.565,0.81525,0.81545,1.00,2.10
2017.01.18 16:00:11.666,0.81526,0.81547,1.00,1.00
2017.01.18 16:00:11.767,0.81528,0.81547,1.00,1.00
2017.01.18 16:00:12.223,0.81528,0.81549,1.00,1.50
2017.01.18 16:00:12.433,0.81528,0.81547,1.00,1.00
2017.01.18 16:00:12.941,0.81528,0.81548,1.00,1.00
2017.01.18 16:00:13.445,0.81527,0.81549,1.00,1.50
2017.01.18 16:00:13.966,0.81528,0.81547,1.00,1.00
2017.01.18 16:00:14.468,0.81528,0.81546,1.00,1.50
2017.01.18 16:00:15.279,0.81528,0.81547,1.00,1.00
2017.01.18 16:00:15.632,0.81526,0.81547,1.00,1.00
2017.01.18 16:00:15.784,0.81525,0.81545,1.00,1.00
2017.01.18 16:00:16.337,0.81524,0.81545,1.00,1.00
2017.01.18 16:00:16.980,0.81524,0.81546,1.00,1.50
2017.01.18 16:00:17.555,0.81524,0.81545,1.00,1.00
2017.01.18 16:00:17.879,0.8152,0.81542,1.50,1.00
2017.01.18 16:00:18.195,0.81518,0.8154,2.25,1.00
2017.01.18 16:00:19.083,0.8152,0.8154,1.00,1.00
2017.01.18 16:00:19.235,0.81515,0.81538,2.25,1.00
2017.01.18 16:00:19.739,0.81515,0.81537,1.00,1.00
2017.01.18 16:00:20.251,0.81512,0.81535,3.75,1.00
2017.01.18 16:00:20.302,0.81515,0.81536,1.00,1.00
2017.01.18 16:00:20.605,0.81525,0.81546,1.00,1.00
2017.01.18 16:00:20.910,0.8152,0.81541,1.00,1.00
2017.01.18 16:00:21.211,0.8152,0.81539,1.00,1.00
2017.01.18 16:00:21.560,0.81522,0.81541,1.00,1.00
2017.01.18 16:00:21.762,0.8152,0.81541,1.00,1.00
2017.01.18 16:00:21.916,0.8152,0.81539,1.00,1.00
2017.01.18 16:00:22.462,0.81519,0.81539,1.00,1.00
2017.01.18 16:00:23.024,0.8152,0.8154,1.00,1.00
2017.01.18 16:00:23.529,0.8152,0.81541,1.00,1.00
2017.01.18 16:00:24.090,0.8152,0.81538,1.00,1.00
2017.01.18 16:00:24.191,0.81512,0.81532,1.00,1.00
2017.01.18 16:00:24.342,0.8151,0.81531,1.00,4.57
2017.01.18 16:00:24.443,0.81505,0.81527,1.00,1.35
2017.01.18 16:00:24.847,0.81508,0.81528,1.00,1.00
2017.01.18 16:00:25.092,0.81512,0.81535,1.00,1.00
2017.01.18 16:00:25.566,0.81514,0.81536,1.00,1.00
2017.01.18 16:00:26.021,0.81515,0.81538,2.25,1.00
2017.01.18 16:00:26.728,0.81515,0.81535,1.50,1.00
2017.01.18 16:00:27.032,0.8151,0.81531,1.50,2.10
2017.01.18 16:00:27.874,0.8151,0.81531,1.50,2.25
2017.01.18 16:00:28.127,0.81511,0.81533,1.00,1.00
2017.01.18 16:00:28.228,0.81511,0.81531,1.50,1.00
2017.01.18 16:00:28.531,0.81515,0.81535,1.00,1.35
2017.01.18 16:00:29.134,0.81515,0.81531,1.00,2.10
2017.01.18 16:00:29.185,0.81511,0.81527,1.00,1.00
2017.01.18 16:00:29.287,0.81509,0.81527,1.50,1.50
2017.01.18 16:00:29.489,0.81506,0.81527,1.00,1.50
2017.01.18 16:00:30.004,0.8151,0.81527,1.00,1.00
2017.01.18 16:00:30.205,0.81508,0.81527,1.00,1.00
2017.01.18 16:00:30.356,0.81506,0.81527,1.00,1.30
2017.01.18 16:00:30.508,0.81504,0.81527,1.00,1.50
2017.01.18 16:00:30.609,0.81506,0.81527,1.00,1.00
2017.01.18 16:00:31.250,0.81505,0.81527,1.00,1.50
2017.01.18 16:00:31.579,0.81508,0.81528,1.00,1.00
2017.01.18 16:00:31.630,0.81509,0.8153,1.00,1.00
2017.01.18 16:00:32.180,0.8151,0.8153,1.00,1.12
2017.01.18 16:00:32.231,0.81508,0.8153,1.12,1.12
2017.01.18 16:00:33.777,0.81506,0.8153,3.00,1.72
2017.01.18 16:00:34.417,0.81506,0.81529,1.75,1.60
2017.01.18 16:00:34.518,0.81505,0.81526,1.75,1.35
2017.01.18 16:00:34.871,0.81505,0.81526,1.50,1.00
2017.01.18 16:00:35.175,0.81505,0.81528,2.25,1.35
2017.01.18 16:00:35.226,0.81505,0.81528,1.87,2.10
2017.01.18 16:00:35.759,0.81505,0.81528,2.25,2.10
2017.01.18 16:00:36.011,0.81505,0.81528,1.87,2.47
2017.01.18 16:00:36.118,0.81505,0.81525,1.87,1.00
2017.01.18 16:00:36.275,0.81505,0.81528,1.87,2.47
2017.01.18 16:00:36.376,0.81506,0.81526,1.00,1.00
2017.01.18 16:00:37.778,0.81507,0.81527,1.00,1.00
2017.01.18 16:00:38.797,0.81507,0.81528,1.50,1.12
2017.01.18 16:00:39.261,0.81505,0.81525,2.62,1.00
2017.01.18 16:00:40.026,0.81507,0.81525,1.00,1.00
2017.01.18 16:00:40.178,0.81507,0.81527,1.00,1.00
2017.01.18 16:00:40.329,0.81509,0.81527,1.00,1.00
2017.01.18 16:00:41.210,0.81509,0.81526,1.00,1.00
2017.01.18 16:00:41.899,0.81509,0.81528,1.00,1.00
2017.01.18 16:00:42.353,0.81509,0.81526,1.00,1.00
2017.01.18 16:00:42.888,0.81507,0.81526,2.25,1.00
2017.01.18 16:00:43.052,0.81507,0.81528,1.50,1.00
2017.01.18 16:00:43.304,0.81506,0.8153,3.00,1.00
2017.01.18 16:00:43.415,0.8151,0.81528,1.00,1.00
2017.01.18 16:00:43.567,0.81508,0.81528,1.87,1.00
2017.01.18 16:00:44.074,0.81509,0.81528,1.00,1.00
2017.01.18 16:00:44.625,0.8151,0.81528,1.00,1.00
2017.01.18 16:00:44.676,0.8151,0.81525,1.00,1.00
2017.01.18 16:00:44.727,0.81508,0.81525,1.12,1.00
2017.01.18 16:00:45.174,0.81504,0.81526,1.50,1.50
2017.01.18 16:00:45.427,0.81507,0.81526,1.00,1.00
2017.01.18 16:00:45.730,0.8151,0.8153,1.50,1.00
2017.01.18 16:00:45.932,0.81511,0.81532,1.00,1.00
2017.01.18 16:00:46.033,0.81513,0.81535,1.00,3.97
2017.01.18 16:00:47.067,0.81512,0.81533,2.25,1.00
2017.01.18 16:00:47.610,0.81513,0.81533,1.00,1.50
2017.01.18 16:00:47.930,0.81515,0.81534,1.00,1.00
2017.01.18 16:00:48.236,0.81512,0.8153,1.00,1.50
2017.01.18 16:00:48.340,0.81505,0.81527,2.25,1.35
2017.01.18 16:00:48.491,0.81509,0.81528,1.00,1.60
2017.01.18 16:00:48.902,0.81505,0.81527,2.25,2.10
2017.01.18 16:00:49.255,0.8151,0.8153,1.00,1.60
2017.01.18 16:00:49.558,0.8151,0.81533,1.50,1.60
2017.01.18 16:00:49.759,0.81512,0.81533,1.00,1.00
2017.01.18 16:00:50.062,0.8151,0.81533,1.50,1.00
2017.01.18 16:00:50.311,0.8151,0.81533,1.50,2.85
2017.01.18 16:00:50.851,0.81509,0.81531,1.50,1.60
2017.01.18 16:00:51.881,0.8151,0.81533,1.00,2.85
2017.01.18 16:00:52.113,0.8151,0.81532,1.00,1.60
2017.01.18 16:00:52.618,0.8151,0.81532,1.00,1.60
2017.01.18 16:00:53.372,0.8151,0.81531,2.25,1.00
2017.01.18 16:00:53.826,0.8151,0.81531,1.50,1.60
2017.01.18 16:00:54.532,0.81511,0.8153,1.00,1.00
2017.01.18 16:00:55.059,0.8151,0.81529,1.50,1.00
2017.01.18 16:00:55.110,0.81511,0.81531,1.00,1.00
2017.01.18 16:00:55.222,0.81511,0.81535,1.50,2.85
2017.01.18 16:00:55.302,0.81513,0.81533,1.00,1.00
2017.01.18 16:00:55.806,0.81515,0.81533,1.00,1.00
2017.01.18 16:00:55.856,0.81515,0.81535,1.00,1.00
2017.01.18 16:00:55.995,0.81513,0.81535,1.50,1.50
2017.01.18 16:00:56.201,0.81515,0.81534,1.00,1.35
2017.01.18 16:00:56.352,0.81512,0.81532,1.50,1.00
2017.01.18 16:00:56.554,0.81514,0.81535,1.00,1.00
2017.01.18 16:00:56.605,0.81516,0.81538,1.00,1.00
2017.01.18 16:00:57.108,0.8152,0.81539,1.00,1.35
2017.01.18 16:00:59.059,0.8152,0.8154,2.25,1.00
2017.01.18 16:00:59.718,0.8152,0.81541,1.50,1.60
2017.01.18 16:01:00.166,0.81518,0.81537,1.50,1.00
2017.01.18 16:01:00.311,0.81518,0.81536,1.00,1.37
2017.01.18 16:01:00.362,0.81515,0.81536,1.00,1.75
2017.01.18 16:01:00.463,0.81517,0.81536,1.00,1.75
2017.01.18 16:01:00.716,0.8152,0.8154,1.00,1.00
2017.01.18 16:01:01.170,0.81522,0.81544,1.00,1.37
2017.01.18 16:01:01.221,0.81522,0.81544,1.12,1.00
2017.01.18 16:01:01.373,0.81526,0.81545,1.00,1.12
2017.01.18 16:01:01.853,0.81529,0.81549,1.00,1.75
2017.01.18 16:01:01.954,0.8153,0.81549,1.00,1.37
2017.01.18 16:01:02.480,0.8153,0.8155,1.00,2.10
2017.01.18 16:01:03.859,0.8153,0.81552,1.50,2.25
2017.01.18 16:01:04.391,0.81531,0.8155,1.00,1.72
2017.01.18 16:01:04.493,0.81529,0.81548,1.00,2.10
2017.01.18 16:01:04.745,0.81525,0.81546,2.62,1.37
2017.01.18 16:01:04.796,0.81525,0.81546,2.25,1.50
2017.01.18 16:01:07.435,0.81525,0.81546,1.87,1.12
2017.01.18 16:01:07.725,0.81523,0.81544,2.25,1.00
2017.01.18 16:01:07.876,0.81523,0.81544,1.00,1.50
2017.01.18 16:01:07.927,0.81521,0.81541,1.12,1.00
2017.01.18 16:01:08.241,0.81521,0.81545,1.87,1.75
2017.01.18 16:01:08.292,0.81525,0.81545,1.00,1.75
2017.01.18 16:01:08.443,0.81525,0.81545,1.00,1.00
2017.01.18 16:01:08.639,0.81523,0.81545,1.12,1.60
2017.01.18 16:01:09.354,0.81521,0.81542,1.75,1.00
2017.01.18 16:01:09.483,0.81521,0.81542,1.00,1.87
2017.01.18 16:01:09.980,0.81521,0.8154,1.00,1.00
2017.01.18 16:01:11.145,0.81521,0.81541,1.00,1.50
2017.01.18 16:01:11.449,0.8153,0.81547,1.00,2.62
2017.01.18 16:01:11.836,0.81525,0.81547,1.50,2.62
2017.01.18 16:01:12.241,0.81527,0.81547,1.00,2.62
2017.01.18 16:01:12.746,0.81526,0.81547,1.50,2.62
2017.01.18 16:01:13.288,0.81526,0.81546,1.00,1.00
2017.01.18 16:01:13.389,0.81526,0.81548,1.00,1.50
2017.01.18 16:01:13.611,0.81524,0.81545,2.25,1.00
2017.01.18 16:01:13.864,0.81522,0.81544,1.00,2.25
2017.01.18 16:01:13.965,0.81525,0.81547,1.00,1.50
2017.01.18 16:01:14.297,0.81529,0.81549,1.00,1.75
2017.01.18 16:01:14.499,0.8153,0.8155,1.00,1.12
2017.01.18 16:01:15.006,0.8153,0.81549,1.00,1.00
2017.01.18 16:01:15.540,0.8153,0.81552,1.00,2.25
2017.01.18 16:01:16.044,0.81529,0.81551,1.00,1.50
2017.01.18 16:01:16.510,0.81525,0.81547,1.00,1.50
2017.01.18 16:01:17.663,0.81525,0.81544,1.00,1.00
2017.01.18 16:01:17.826,0.8152,0.81543,1.75,1.00
2017.01.18 16:01:17.927,0.8152,0.81543,1.00,1.50
2017.01.18 16:01:19.038,0.8152,0.81541,1.50,1.00
2017.01.18 16:01:19.984,0.8152,0.8154,1.00,1.75
2017.01.18 16:01:20.298,0.81521,0.81544,1.00,1.50
2017.01.18 16:01:20.677,0.81521,0.81544,1.00,1.50
2017.01.18 16:01:21.267,0.81521,0.81543,1.00,3.00
2017.01.18 16:01:21.318,0.81521,0.81543,1.00,2.62
2017.01.18 16:01:21.469,0.81521,0.81542,1.00,1.37
2017.01.18 16:01:21.879,0.81523,0.81543,1.00,3.00
2017.01.18 16:01:22.526,0.81522,0.81542,1.00,2.25
2017.01.18 16:01:22.835,0.8152,0.81539,1.00,1.00
2017.01.18 16:01:23.037,0.81517,0.81538,1.37,1.00
2017.01.18 16:01:23.138,0.81517,0.81536,1.00,1.00
2017.01.18 16:01:23.328,0.81515,0.81536,2.62,1.00
2017.01.18 16:01:23.581,0.81518,0.81536,1.00,1.00
2017.01.18 16:01:23.682,0.81516,0.8154,1.50,1.75
2017.01.18 16:01:24.460,0.81515,0.81537,1.12,1.00
2017.01.18 16:01:24.761,0.81515,0.81535,1.12,1.00
2017.01.18 16:01:24.913,0.81513,0.81535,1.00,3.00
2017.01.18 16:01:25.014,0.81515,0.81535,1.00,1.50
2017.01.18 16:01:26.091,0.81513,0.81532,1.12,1.00
2017.01.18 16:01:26.595,0.81512,0.81533,1.50,1.00
2017.01.18 16:01:27.134,0.81511,0.81533,1.00,1.00
2017.01.18 16:01:28.229,0.8151,0.81532,2.25,1.00
2017.01.18 16:01:28.280,0.8151,0.8153,2.25,1.00
2017.01.18 16:01:29.191,0.8151,0.81531,2.25,1.00
2017.01.18 16:01:29.569,0.8151,0.81528,2.25,1.00
2017.01.18 16:01:29.670,0.81509,0.8153,1.50,1.50
2017.01.18 16:01:29.721,0.8151,0.81528,1.00,1.00
2017.01.18 16:01:30.143,0.81513,0.81532,1.00,1.50
2017.01.18 16:01:30.345,0.81513,0.81534,1.87,1.00
2017.01.18 16:01:30.447,0.81515,0.81534,1.00,1.00
2017.01.18 16:01:30.750,0.81517,0.81538,1.00,1.75
2017.01.18 16:01:31.476,0.81516,0.81537,1.50,1.50
2017.01.18 16:01:32.071,0.81516,0.81537,1.50,1.00
2017.01.18 16:01:32.615,0.81515,0.81535,2.25,1.00
2017.01.18 16:01:33.068,0.81515,0.81532,1.87,1.00
2017.01.18 16:01:33.170,0.81513,0.81534,1.75,1.00
2017.01.18 16:01:33.271,0.81513,0.81534,1.50,1.00
2017.01.18 16:01:33.322,0.81513,0.81532,1.00,1.00
2017.01.18 16:01:33.673,0.81516,0.81534,1.00,1.00
2017.01.18 16:01:35.107,0.81516,0.81533,1.00,1.00
2017.01.18 16:01:35.383,0.81516,0.81537,1.00,1.75
2017.01.18 16:01:36.275,0.8152,0.81537,1.00,1.75
2017.01.18 16:01:36.326,0.81516,0.81537,1.00,1.75
2017.01.18 16:01:36.841,0.8152,0.81536,1.00,1.50
2017.01.18 16:01:36.992,0.81516,0.81536,1.00,1.50
2017.01.18 16:01:37.348,0.81516,0.81537,1.00,1.00
2017.01.18 16:01:37.450,0.81518,0.81539,1.00,1.87
2017.01.18 16:01:37.768,0.81522,0.81542,1.00,2.25
2017.01.18 16:01:37.945,0.81522,0.81542,1.00,1.50
2017.01.18 16:01:37.996,0.81525,0.81544,1.00,1.75
2017.01.18 16:01:38.249,0.81526,0.81545,1.00,1.00
2017.01.18 16:01:38.896,0.81525,0.81545,1.00,1.00
2017.01.18 16:01:39.221,0.81526,0.81547,1.00,2.10
2017.01.18 16:01:40.146,0.81526,0.81546,1.00,1.00
2017.01.18 16:01:40.632,0.81526,0.81544,1.00,1.00
2017.01.18 16:01:41.180,0.81523,0.81544,1.50,1.00
2017.01.18 16:01:41.231,0.81524,0.81542,1.00,1.00
2017.01.18 16:01:41.282,0.81524,0.81544,1.00,1.00
2017.01.18 16:01:41.667,0.81525,0.81546,1.50,1.30
2017.01.18 16:01:41.768,0.81528,0.81547,1.00,1.00
2017.01.18 16:01:42.103,0.8153,0.8155,1.00,1.50
2017.01.18 16:01:42.255,0.8153,0.81552,1.00,1.00
2017.01.18 16:01:42.357,0.81531,0.81553,1.00,1.75
2017.01.18 16:01:42.865,0.8153,0.81552,2.25,1.75
2017.01.18 16:01:43.442,0.81532,0.81553,1.00,1.75
2017.01.18 16:01:43.653,0.81534,0.81555,1.00,2.25
2017.01.18 16:01:44.166,0.81535,0.81555,1.00,1.75
2017.01.18 16:01:44.667,0.81534,0.81555,1.50,1.75
2017.01.18 16:01:45.538,0.81534,0.81554,2.25,1.00
2017.01.18 16:01:46.070,0.81533,0.81553,1.50,1.00
2017.01.18 16:01:46.526,0.81536,0.81554,1.00,1.00
2017.01.18 16:01:46.879,0.81538,0.81556,1.00,1.50
2017.01.18 16:01:47.333,0.81534,0.81555,1.50,1.50
2017.01.18 16:01:47.434,0.81534,0.81553,1.50,1.00
2017.01.18 16:01:47.600,0.81535,0.81555,1.00,1.50
2017.01.18 16:01:47.701,0.81537,0.81555,1.00,1.50
2017.01.18 16:01:48.155,0.81537,0.81558,1.00,1.50
2017.01.18 16:01:48.613,0.81537,0.81555,1.00,1.00
2017.01.18 16:01:49.352,0.81537,0.81556,1.00,1.00
2017.01.18 16:01:50.303,0.81537,0.81558,1.50,1.50
2017.01.18 16:01:50.609,0.81539,0.81559,2.25,1.00
2017.01.18 16:01:50.923,0.81541,0.81562,1.12,1.50
2017.01.18 16:01:50.974,0.81543,0.81564,1.00,3.00
2017.01.18 16:01:51.378,0.81542,0.81563,1.00,1.50
2017.01.18 16:01:52.288,0.8154,0.81562,1.00,1.00
2017.01.18 16:01:52.878,0.8154,0.81563,1.00,1.00
2017.01.18 16:01:53.134,0.8154,0.8156,1.00,1.00
2017.01.18 16:01:53.721,0.8154,0.81562,1.50,1.00
2017.01.18 16:01:53.935,0.8154,0.81559,1.00,1.00
2017.01.18 16:01:54.330,0.81536,0.81557,3.00,1.00
2017.01.18 16:01:54.381,0.81538,0.81559,2.25,1.00
2017.01.18 16:01:54.482,0.81538,0.81559,3.00,1.00
2017.01.18 16:01:54.851,0.81538,0.81556,2.25,1.00
2017.01.18 16:01:54.952,0.81538,0.81557,1.00,1.00
2017.01.18 16:01:55.255,0.81536,0.81557,1.00,1.12
2017.01.18 16:01:55.597,0.81538,0.81558,1.00,1.00
2017.01.18 16:01:56.341,0.81538,0.81559,1.50,1.12
2017.01.18 16:01:56.644,0.81541,0.8156,1.00,1.37
2017.01.18 16:01:57.237,0.81541,0.81558,1.00,1.00
2017.01.18 16:01:57.288,0.81537,0.81558,2.62,1.00
2017.01.18 16:01:57.339,0.81537,0.81555,2.62,1.00
2017.01.18 16:01:57.591,0.81535,0.81555,1.00,1.00
2017.01.18 16:01:57.794,0.81538,0.81559,1.00,1.75
2017.01.18 16:01:58.096,0.81542,0.8156,1.50,1.12
2017.01.18 16:01:58.604,0.81542,0.81561,1.00,1.50
2017.01.18 16:01:59.126,0.81542,0.8156,1.00,1.00
2017.01.18 16:01:59.479,0.81542,0.81563,1.50,1.87
2017.01.18 16:01:59.630,0.81542,0.8156,1.50,1.00
2017.01.18 16:01:59.814,0.81542,0.81563,1.50,1.12
2017.01.18 16:02:00.026,0.81542,0.8156,1.50,1.00
2017.01.18 16:02:00.329,0.81536,0.81557,2.62,1.00
2017.01.18 16:02:00.841,0.81536,0.81558,2.62,2.25
2017.01.18 16:02:01.151,0.81536,0.81555,2.62,1.00
2017.01.18 16:02:01.457,0.81532,0.81555,2.25,1.50
2017.01.18 16:02:01.709,0.81532,0.81553,2.25,1.00
2017.01.18 16:02:02.236,0.81532,0.81554,2.25,1.50
2017.01.18 16:02:02.754,0.81532,0.81553,1.50,1.00
2017.01.18 16:02:03.283,0.81531,0.81552,1.50,1.00
2017.01.18 16:02:03.826,0.81532,0.81553,1.50,1.00
2017.01.18 16:02:04.816,0.81533,0.81554,1.00,1.00
2017.01.18 16:02:05.068,0.81536,0.8156,3.00,2.25
2017.01.18 16:02:05.169,0.81537,0.81558,1.50,1.00
2017.01.18 16:02:05.474,0.81537,0.81555,1.50,1.00
2017.01.18 16:02:06.725,0.81536,0.81555,1.00,1.50
2017.01.18 16:02:07.226,0.81535,0.81554,1.00,1.00
2017.01.18 16:02:07.671,0.81533,0.81552,1.00,1.00
2017.01.18 16:02:07.873,0.81533,0.81554,1.00,1.00
2017.01.18 16:02:08.226,0.81535,0.81554,1.00,1.00
2017.01.18 16:02:08.528,0.81532,0.81551,1.50,1.00
2017.01.18 16:02:08.730,0.81533,0.81554,1.00,1.00
2017.01.18 16:02:08.781,0.81531,0.81552,1.00,1.00
2017.01.18 16:02:09.387,0.81532,0.81553,1.00,1.00
2017.01.18 16:02:09.798,0.8153,0.81552,3.00,1.00
2017.01.18 16:02:09.849,0.8153,0.8155,1.50,1.50
2017.01.18 16:02:10.001,0.81527,0.81548,1.50,1.00
2017.01.18 16:02:10.287,0.81525,0.81546,3.00,1.00
2017.01.18 16:02:10.865,0.81526,0.81547,1.00,1.00
2017.01.18 16:02:11.177,0.81525,0.81544,1.00,1.00
2017.01.18 16:02:11.530,0.81527,0.81548,2.25,1.00
2017.01.18 16:02:11.883,0.81527,0.81546,1.00,1.00
2017.01.18 16:02:11.933,0.81527,0.81548,1.50,1.00
2017.01.18 16:02:12.519,0.81528,0.81549,1.00,1.00
2017.01.18 16:02:13.140,0.81527,0.81548,3.00,1.00
2017.01.18 16:02:13.322,0.8153,0.81549,1.35,1.00
2017.01.18 16:02:13.710,0.81531,0.81551,1.00,1.00
2017.01.18 16:02:14.222,0.81531,0.8155,1.00,1.00
2017.01.18 16:02:14.683,0.81526,0.8155,2.25,2.85
2017.01.18 16:02:14.733,0.81528,0.81549,1.00,1.00
2017.01.18 16:02:15.096,0.81528,0.81549,1.75,1.00
2017.01.18 16:02:15.324,0.81531,0.81551,1.50,1.00
2017.01.18 16:02:15.727,0.81532,0.81553,2.25,1.00
2017.01.18 16:02:16.070,0.81535,0.81554,1.00,1.00
2017.01.18 16:02:16.230,0.81536,0.81556,1.00,1.50
2017.01.18 16:02:16.381,0.81537,0.81557,2.25,1.35
2017.01.18 16:02:17.126,0.81537,0.81557,1.00,1.35
2017.01.18 16:02:17.437,0.81535,0.81555,1.50,1.00
2017.01.18 16:02:17.960,0.81535,0.81556,1.00,1.00
2017.01.18 16:02:18.286,0.81537,0.81556,1.00,1.00
2017.01.18 16:02:18.792,0.81536,0.81556,2.25,1.00
2017.01.18 16:02:19.304,0.81537,0.81556,1.00,1.00
2017.01.18 16:02:20.061,0.81538,0.81556,1.00,1.00
2017.01.18 16:02:20.830,0.81538,0.81559,2.25,1.00
2017.01.18 16:02:21.816,0.81538,0.81556,1.00,1.00
2017.01.18 16:02:22.340,0.81538,0.81557,1.50,1.00
2017.01.18 16:02:22.878,0.81539,0.81557,1.00,1.00
2017.01.18 16:02:23.876,0.81539,0.81556,1.00,1.00
2017.01.18 16:02:24.425,0.81539,0.81557,1.00,1.00
2017.01.18 16:02:25.064,0.81539,0.81559,1.00,1.00
2017.01.18 16:02:25.216,0.81539,0.81559,1.75,1.00
2017.01.18 16:02:25.717,0.8154,0.8156,2.25,1.00
2017.01.18 16:02:26.247,0.81542,0.81561,1.00,1.00
2017.01.18 16:02:27.265,0.81542,0.8156,1.00,1.00
2017.01.18 16:02:27.900,0.81545,0.8156,1.00,1.00
2017.01.18 16:02:27.950,0.81542,0.8156,1.00,1.00
2017.01.18 16:02:28.454,0.81541,0.8156,1.12,1.00
2017.01.18 16:02:29.070,0.81545,0.81563,1.00,1.12
2017.01.18 16:02:29.121,0.81543,0.81562,1.50,1.00
2017.01.18 16:02:29.325,0.81547,0.81565,1.00,1.75
2017.01.18 16:02:29.829,0.81548,0.81566,1.50,1.75
2017.01.18 16:02:30.173,0.8155,0.81568,1.50,3.37
2017.01.18 16:02:30.611,0.81553,0.81568,1.00,2.62
2017.01.18 16:02:31.863,0.81552,0.81568,1.00,2.62
2017.01.18 16:02:32.378,0.81551,0.81568,1.00,2.62
2017.01.18 16:02:32.615,0.81551,0.81569,1.00,1.00
2017.01.18 16:02:33.573,0.81551,0.81568,1.00,1.00
2017.01.18 16:02:33.926,0.81551,0.8157,1.00,1.87
2017.01.18 16:02:33.977,0.81553,0.8157,1.00,1.12
2017.01.18 16:02:34.128,0.8155,0.81568,1.12,1.00
2017.01.18 16:02:34.381,0.81548,0.81568,2.25,1.00
2017.01.18 16:02:35.281,0.81548,0.81566,2.25,1.00
2017.01.18 16:02:35.790,0.81549,0.81566,1.00,1.00
2017.01.18 16:02:36.332,0.8155,0.81567,1.00,1.00
2017.01.18 16:02:37.070,0.8155,0.81568,1.00,1.00
2017.01.18 16:02:37.573,0.8155,0.81569,1.50,1.00
2017.01.18 16:02:38.084,0.81549,0.81568,3.00,1.00
2017.01.18 16:02:38.440,0.81552,0.8157,1.00,1.00
2017.01.18 16:02:44.380,0.81551,0.81568,1.50,1.00
2017.01.18 16:02:47.990,0.81549,0.81566,1.00,1.00
2017.01.18 16:02:48.989,0.81549,0.81567,1.00,1.00
2017.01.18 16:02:49.541,0.81549,0.81568,1.50,1.12
2017.01.18 16:02:50.030,0.81553,0.81571,1.00,2.25
2017.01.18 16:02:50.080,0.81553,0.81571,1.50,1.12
2017.01.18 16:02:51.037,0.81553,0.81567,1.00,1.00
2017.01.18 16:02:51.189,0.8155,0.81565,1.00,1.00
2017.01.18 16:02:51.340,0.81547,0.81565,1.00,1.00
2017.01.18 16:02:52.061,0.81546,0.81565,1.50,1.00
2017.01.18 16:02:52.570,0.81546,0.81564,1.50,1.00
2017.01.18 16:02:54.232,0.81545,0.81563,1.87,1.00
2017.01.18 16:02:54.737,0.81546,0.81564,1.00,1.00
2017.01.18 16:02:58.903,0.81545,0.81564,2.62,1.00
2017.01.18 16:02:59.425,0.81546,0.81563,1.00,1.00
2017.01.18 16:03:00.203,0.81546,0.81561,1.00,1.00
2017.01.18 16:03:00.254,0.81544,0.81563,2.25,1.00
2017.01.18 16:03:00.563,0.8155,0.81568,1.00,2.25
2017.01.18 16:03:00.827,0.81553,0.81571,1.00,1.00
2017.01.18 16:03:03.795,0.81553,0.81569,1.00,1.00
2017.01.18 16:03:05.389,0.81551,0.81566,1.30,1.00
2017.01.18 16:03:05.692,0.81545,0.81562,1.00,1.00
2017.01.18 16:03:06.368,0.81546,0.81562,1.00,1.00
2017.01.18 16:03:07.271,0.81546,0.81563,1.00,1.00
2017.01.18 16:03:07.779,0.81545,0.81563,1.75,1.00
2017.01.18 16:03:08.284,0.81544,0.81563,1.00,1.00
2017.01.18 16:03:08.385,0.8154,0.81564,1.00,1.00
2017.01.18 16:03:08.907,0.81542,0.81566,1.00,1.00
2017.01.18 16:03:09.209,0.81545,0.81566,1.50,1.12
2017.01.18 16:03:09.720,0.81545,0.81565,1.00,1.00
2017.01.18 16:03:10.268,0.81545,0.81567,1.00,2.25
2017.01.18 16:03:10.901,0.81545,0.81563,1.00,1.00
2017.01.18 16:03:10.952,0.81543,0.81563,2.62,1.00
2017.01.18 16:03:11.205,0.81541,0.81562,1.00,1.12
2017.01.18 16:03:11.869,0.81542,0.8156,1.00,1.00
2017.01.18 16:03:12.915,0.81542,0.81561,1.00,1.00
2017.01.18 16:03:13.874,0.81542,0.81562,1.00,1.12
2017.01.18 16:03:14.876,0.81542,0.8156,1.00,1.00
2017.01.18 16:03:15.443,0.81543,0.81561,1.00,1.00
2017.01.18 16:03:15.977,0.81542,0.8156,1.00,1.00
2017.01.18 16:03:17.190,0.81542,0.81563,1.00,2.25
2017.01.18 16:03:17.240,0.81542,0.8156,1.00,1.00
2017.01.18 16:03:17.573,0.81544,0.81561,1.00,1.00
2017.01.18 16:03:17.927,0.81546,0.81561,1.00,1.00
2017.01.18 16:03:18.330,0.81546,0.81563,1.00,1.12
2017.01.18 16:03:18.381,0.81548,0.81564,1.00,1.37
2017.01.18 16:03:18.482,0.81548,0.81566,1.00,1.00
2017.01.18 16:03:18.772,0.81544,0.81563,2.25,1.00
2017.01.18 16:03:18.823,0.81547,0.81563,1.00,1.00
2017.01.18 16:03:18.974,0.81544,0.81562,1.50,1.00
2017.01.18 16:03:19.278,0.81544,0.8156,1.00,1.00
2017.01.18 16:03:19.816,0.81544,0.81559,1.00,1.00
2017.01.18 16:03:20.722,0.81543,0.81559,1.00,1.00
2017.01.18 16:03:21.268,0.81544,0.81559,1.00,1.00
2017.01.18 16:03:21.319,0.81544,0.81561,1.00,1.00
2017.01.18 16:03:21.814,0.81543,0.81559,1.00,1.00
2017.01.18 16:03:21.865,0.81541,0.81559,1.00,1.00
2017.01.18 16:03:21.966,0.81541,0.81557,1.00,1.00
2017.01.18 16:03:22.269,0.8154,0.81559,1.12,1.00
2017.01.18 16:03:23.116,0.81537,0.81559,1.37,1.00
2017.01.18 16:03:23.218,0.81537,0.81559,1.00,1.00
2017.01.18 16:03:23.275,0.81539,0.81558,1.00,1.00
2017.01.18 16:03:25.911,0.81545,0.81562,1.00,1.00
2017.01.18 16:03:26.012,0.81546,0.81566,1.00,1.00
2017.01.18 16:03:26.150,0.81547,0.81566,1.12,1.37
2017.01.18 16:03:26.201,0.81548,0.81569,1.50,1.12
2017.01.18 16:03:26.513,0.8155,0.8157,1.00,1.50
2017.01.18 16:03:27.221,0.8155,0.8157,1.12,1.00
2017.01.18 16:03:27.780,0.81549,0.81569,2.25,1.12
2017.01.18 16:03:28.083,0.81553,0.81572,1.00,1.12
2017.01.18 16:03:28.387,0.8155,0.81567,1.00,1.00
2017.01.18 16:03:28.690,0.81548,0.81567,1.00,1.00
2017.01.18 16:03:28.983,0.81546,0.81566,1.50,1.00
2017.01.18 16:03:29.084,0.81549,0.81567,1.00,1.00
2017.01.18 16:03:29.402,0.81551,0.81572,2.25,1.75
2017.01.18 16:03:29.705,0.81554,0.81573,1.00,3.37
2017.01.18 16:03:30.024,0.81556,0.81573,1.00,2.62
2017.01.18 16:03:31.208,0.81555,0.81573,2.25,2.62
2017.01.18 16:03:31.620,0.81557,0.81573,1.00,2.62
2017.01.18 16:03:32.142,0.81557,0.81573,1.00,1.00
2017.01.18 16:03:32.347,0.81555,0.81574,1.50,1.00
2017.01.18 16:03:32.626,0.81556,0.81572,1.00,1.00
2017.01.18 16:03:32.929,0.81553,0.81569,1.00,1.00
2017.01.18 16:03:33.552,0.81552,0.81569,1.00,1.00
2017.01.18 16:03:34.109,0.81553,0.8157,1.00,1.50
2017.01.18 16:03:34.845,0.81552,0.81569,1.00,1.00
2017.01.18 16:03:35.184,0.81549,0.81565,1.50,1.00
2017.01.18 16:03:36.046,0.81549,0.81568,1.50,1.00
2017.01.18 16:03:36.402,0.81549,0.81565,1.00,1.00
2017.01.18 16:03:36.935,0.8155,0.81565,1.00,1.00
2017.01.18 16:03:37.591,0.81549,0.81565,1.00,1.50
2017.01.18 16:03:38.243,0.81548,0.81565,1.00,1.50
2017.01.18 16:03:38.689,0.81549,0.81565,1.00,2.62
2017.01.18 16:03:38.740,0.81544,0.81562,2.10,1.37
2017.01.18 16:03:39.285,0.81544,0.81562,2.10,1.00
2017.01.18 16:03:39.817,0.81544,0.81561,2.10,1.00
2017.01.18 16:03:40.227,0.81545,0.81565,2.10,1.75
2017.01.18 16:03:40.613,0.81546,0.81565,1.60,1.37
2017.01.18 16:03:40.664,0.81547,0.81567,1.35,1.12
2017.01.18 16:03:40.715,0.81548,0.81568,2.85,1.37
2017.01.18 16:03:41.018,0.81549,0.81565,1.00,1.00
2017.01.18 16:03:41.271,0.81547,0.81565,1.00,1.00
2017.01.18 16:03:41.875,0.81547,0.81566,1.00,1.00
2017.01.18 16:03:41.976,0.8155,0.81572,1.50,3.37
2017.01.18 16:03:42.178,0.81554,0.81573,1.00,1.37
2017.01.18 16:03:42.725,0.81553,0.81573,2.10,1.00
2017.01.18 16:03:42.776,0.81555,0.81574,1.00,1.00
2017.01.18 16:03:43.807,0.81555,0.81573,1.00,1.00
2017.01.18 16:03:44.308,0.81554,0.81573,1.00,1.00
2017.01.18 16:03:44.774,0.81553,0.81571,1.00,1.00
2017.01.18 16:03:44.875,0.81551,0.8157,1.00,1.00
2017.01.18 16:03:45.182,0.81549,0.8157,1.50,1.87
2017.01.18 16:03:45.725,0.81548,0.8157,1.00,1.87
2017.01.18 16:03:46.412,0.81549,0.81568,1.00,1.00
2017.01.18 16:03:47.136,0.8155,0.81568,1.00,1.00
2017.01.18 16:03:47.478,0.81548,0.81568,1.00,1.00
2017.01.18 16:03:47.881,0.81547,0.81566,1.50,1.00
2017.01.18 16:03:48.083,0.81545,0.81565,1.00,1.00
2017.01.18 16:03:48.201,0.81548,0.81561,1.00,1.00
2017.01.18 16:03:48.302,0.81545,0.81563,1.00,1.00
2017.01.18 16:03:49.305,0.81546,0.81563,1.00,1.00
2017.01.18 16:03:49.823,0.81546,0.81562,1.00,1.00
2017.01.18 16:03:50.439,0.81545,0.81561,1.00,1.00
2017.01.18 16:03:50.973,0.81546,0.81561,1.00,1.00
2017.01.18 16:03:51.541,0.81545,0.8156,1.00,1.00
2017.01.18 16:03:52.045,0.81545,0.81561,1.00,1.00
2017.01.18 16:03:52.562,0.81542,0.8156,1.50,1.00
2017.01.18 16:03:52.814,0.81541,0.81558,1.00,1.00
2017.01.18 16:03:53.119,0.81538,0.81556,1.75,1.00
2017.01.18 16:03:53.421,0.81536,0.81554,1.75,1.00
2017.01.18 16:03:53.472,0.81536,0.81554,1.00,1.00
2017.01.18 16:03:54.202,0.8154,0.81557,1.00,1.00
2017.01.18 16:03:54.723,0.81539,0.81558,1.00,1.00
2017.01.18 16:03:56.071,0.81539,0.81557,1.50,1.00
2017.01.18 16:03:56.820,0.8154,0.81559,1.35,1.00
2017.01.18 16:03:57.400,0.81539,0.81557,1.00,1.00
2017.01.18 16:03:58.221,0.81539,0.81558,1.50,1.00
2017.01.18 16:03:58.571,0.81537,0.81555,3.00,1.00
2017.01.18 16:03:59.133,0.81538,0.81556,1.00,1.00
2017.01.18 16:04:00.256,0.81537,0.81555,1.00,1.00
2017.01.18 16:04:00.574,0.81536,0.81553,1.00,1.00
2017.01.18 16:04:00.726,0.81533,0.81551,1.50,1.00
2017.01.18 16:04:00.827,0.81535,0.81551,1.00,1.00
2017.01.18 16:04:00.978,0.81532,0.81551,2.25,1.00
2017.01.18 16:04:02.149,0.81532,0.8155,1.00,1.00
2017.01.18 16:04:02.848,0.81532,0.81551,1.00,1.00
2017.01.18 16:04:03.454,0.81531,0.8155,1.00,1.00
2017.01.18 16:04:03.945,0.81531,0.81554,1.00,2.25
2017.01.18 16:04:04.201,0.81532,0.8155,1.50,1.00
2017.01.18 16:04:04.504,0.81535,0.8155,1.00,1.00
2017.01.18 16:04:05.014,0.81535,0.81551,1.00,1.00
2017.01.18 16:04:05.521,0.81536,0.81553,1.00,1.12
2017.01.18 16:04:05.572,0.81532,0.81553,2.62,1.12
2017.01.18 16:04:06.091,0.81531,0.81552,1.50,1.00
2017.01.18 16:04:06.879,0.81535,0.81554,1.00,1.00
2017.01.18 16:04:07.112,0.81535,0.81556,1.37,1.00
2017.01.18 16:04:07.162,0.81534,0.81552,2.10,1.00
2017.01.18 16:04:07.213,0.81534,0.81552,1.72,1.00
2017.01.18 16:04:07.767,0.81533,0.81552,1.00,1.00
2017.01.18 16:04:08.271,0.81533,0.81553,1.00,1.00
2017.01.18 16:04:09.304,0.81532,0.81551,1.00,1.50
2017.01.18 16:04:09.808,0.81531,0.8155,1.50,1.00
2017.01.18 16:04:10.401,0.81531,0.81551,1.00,1.00
2017.01.18 16:04:11.552,0.81532,0.81551,1.00,1.00
2017.01.18 16:04:12.295,0.81532,0.81552,1.00,1.00
2017.01.18 16:04:12.799,0.81532,0.81551,1.00,1.00
2017.01.18 16:04:13.384,0.81533,0.81552,1.00,1.00
2017.01.18 16:04:13.509,0.81536,0.81557,1.87,1.00
2017.01.18 16:04:14.411,0.81537,0.81557,1.35,1.00
2017.01.18 16:04:14.984,0.81535,0.81555,2.25,1.00
2017.01.18 16:04:15.185,0.81536,0.81557,1.12,1.00
2017.01.18 16:04:15.438,0.81538,0.81559,1.00,1.50
2017.01.18 16:04:15.741,0.8154,0.81561,2.10,1.75
2017.01.18 16:04:16.183,0.8154,0.81561,2.85,1.00
2017.01.18 16:04:16.821,0.81541,0.81561,1.00,1.00
2017.01.18 16:04:17.361,0.81542,0.81563,1.00,1.00
2017.01.18 16:04:17.411,0.81545,0.81564,1.00,1.00
2017.01.18 16:04:17.930,0.81543,0.81563,2.25,1.00
2017.01.18 16:04:18.448,0.81541,0.81562,1.50,1.00
2017.01.18 16:04:18.549,0.81541,0.81562,1.12,1.00
2017.01.18 16:04:19.272,0.81541,0.81562,1.00,1.37
2017.01.18 16:04:20.007,0.81542,0.81562,1.00,1.50
2017.01.18 16:04:20.536,0.81543,0.81566,1.00,2.62
2017.01.18 16:04:20.810,0.81543,0.81567,1.00,1.00
2017.01.18 16:04:21.157,0.81543,0.81566,1.00,1.37
2017.01.18 16:04:21.476,0.8154,0.8156,2.25,1.00
2017.01.18 16:04:22.985,0.81541,0.81559,1.37,1.00
2017.01.18 16:04:23.675,0.81541,0.81558,1.50,1.00
2017.01.18 16:04:24.197,0.8154,0.81557,1.00,1.00
2017.01.18 16:04:24.941,0.81538,0.81556,2.25,1.00
2017.01.18 16:04:25.182,0.81538,0.81558,1.87,1.00
2017.01.18 16:04:25.586,0.81538,0.81558,3.00,1.37
2017.01.18 16:04:27.337,0.81539,0.81556,1.00,1.00
2017.01.18 16:04:27.885,0.81539,0.81554,1.00,1.00
2017.01.18 16:04:27.986,0.81536,0.81557,1.12,1.50
2017.01.18 16:04:28.871,0.81537,0.81557,1.50,1.00
2017.01.18 16:04:28.972,0.81541,0.81557,1.00,1.00
2017.01.18 16:04:29.173,0.81542,0.8156,1.00,1.50
2017.01.18 16:04:29.476,0.81545,0.81564,1.00,1.37
2017.01.18 16:04:29.527,0.81545,0.81564,1.00,1.50
2017.01.18 16:04:29.578,0.81543,0.81564,3.75,1.00
2017.01.18 16:04:29.894,0.81543,0.81562,2.25,1.00
2017.01.18 16:04:30.629,0.81545,0.81565,1.00,1.50
2017.01.18 16:04:31.029,0.81549,0.81569,1.50,1.50
2017.01.18 16:04:31.124,0.81549,0.81569,2.25,1.00
2017.01.18 16:04:31.225,0.81552,0.81569,1.00,1.00
2017.01.18 16:04:31.579,0.8155,0.81568,1.00,1.00
2017.01.18 16:04:32.123,0.8155,0.81569,1.00,1.00
2017.01.18 16:04:32.463,0.8155,0.81572,2.25,1.50
2017.01.18 16:04:32.801,0.81553,0.81571,1.00,1.00
2017.01.18 16:04:33.279,0.81553,0.81568,1.00,1.00
2017.01.18 16:04:33.329,0.8155,0.81568,1.12,1.00
2017.01.18 16:04:33.550,0.8155,0.8157,1.00,1.87
2017.01.18 16:04:35.352,0.8155,0.81569,1.00,1.00
2017.01.18 16:04:35.866,0.81551,0.8157,1.00,1.12
2017.01.18 16:04:36.114,0.81552,0.8157,1.37,1.00
2017.01.18 16:04:36.165,0.81553,0.81572,1.12,1.00
2017.01.18 16:04:36.691,0.81553,0.81573,2.25,1.12
2017.01.18 16:04:38.907,0.81553,0.8157,1.00,1.00
2017.01.18 16:04:39.066,0.81553,0.81572,1.00,1.00
2017.01.18 16:04:39.881,0.81553,0.81571,1.00,1.00
2017.01.18 16:04:40.474,0.81553,0.8157,1.00,1.00
2017.01.18 16:04:40.827,0.8155,0.81571,2.62,1.00
2017.01.18 16:04:40.978,0.8155,0.81568,1.12,1.00
2017.01.18 16:04:41.494,0.8155,0.8157,1.00,2.25
2017.01.18 16:04:43.236,0.8155,0.8157,2.62,1.12
2017.01.18 16:04:43.541,0.81553,0.81572,1.00,1.00
2017.01.18 16:04:44.581,0.8155,0.8157,1.00,1.50
2017.01.18 16:04:45.091,0.8155,0.81571,2.25,1.00
2017.01.18 16:04:45.630,0.81551,0.81571,1.00,1.00
2017.01.18 16:04:47.050,0.81551,0.8157,1.00,1.87
2017.01.18 16:04:47.570,0.8155,0.8157,1.12,1.50
2017.01.18 16:04:48.114,0.8155,0.81569,1.12,1.00
2017.01.18 16:04:48.470,0.8155,0.81573,1.87,1.50
2017.01.18 16:04:49.386,0.8155,0.8157,2.62,1.00
2017.01.18 16:04:49.742,0.81551,0.81572,1.00,1.12
2017.01.18 16:04:49.844,0.81554,0.81573,1.00,1.50
2017.01.18 16:04:50.147,0.81558,0.81576,1.00,1.00
2017.01.18 16:04:50.253,0.81555,0.81576,1.12,1.00
2017.01.18 16:04:50.327,0.81555,0.81573,1.12,1.00
2017.01.18 16:04:51.830,0.81553,0.81572,1.37,1.00
2017.01.18 16:04:52.141,0.81553,0.8157,1.00,1.00
2017.01.18 16:04:52.848,0.81553,0.81572,1.00,1.00
2017.01.18 16:04:53.202,0.81551,0.81569,1.50,1.00
2017.01.18 16:04:53.510,0.8155,0.81569,1.00,1.12
2017.01.18 16:04:54.568,0.8155,0.81567,1.12,1.00
2017.01.18 16:04:54.770,0.8155,0.81569,1.87,1.00
2017.01.18 16:04:54.821,0.8155,0.81571,3.22,1.00
2017.01.18 16:04:54.973,0.81554,0.81571,1.00,1.00
2017.01.18 16:04:55.546,0.81554,0.81572,1.50,1.00
2017.01.18 16:04:56.093,0.81555,0.81573,1.00,1.00
2017.01.18 16:04:56.816,0.81554,0.81572,2.25,1.00
2017.01.18 16:04:57.834,0.81554,0.81573,2.25,1.00
2017.01.18 16:04:58.137,0.81555,0.81571,1.00,1.00
2017.01.18 16:04:58.188,0.81555,0.81573,1.00,1.00
2017.01.18 16:04:58.709,0.81554,0.81574,1.00,1.12
2017.01.18 16:04:58.810,0.81551,0.8157,1.50,1.00
2017.01.18 16:04:59.163,0.81551,0.81573,2.62,1.37
2017.01.18 16:04:59.265,0.81553,0.81574,1.87,1.00
2017.01.18 16:04:59.811,0.81554,0.81574,1.00,1.00
2017.01.18 16:05:00.064,0.81557,0.81575,1.00,1.12
2017.01.18 16:05:01.275,0.81557,0.81576,1.50,1.12
2017.01.18 16:05:01.814,0.81557,0.81577,2.25,1.00
2017.01.18 16:05:02.115,0.81559,0.81579,1.00,1.12
2017.01.18 16:05:02.436,0.81561,0.81581,1.60,1.75
2017.01.18 16:05:02.488,0.81561,0.81581,2.10,1.00
2017.01.18 16:05:02.685,0.81559,0.81575,2.25,1.00
2017.01.18 16:05:03.239,0.81557,0.81575,1.00,1.00
2017.01.18 16:05:03.497,0.81555,0.81574,2.25,1.00
2017.01.18 16:05:03.648,0.81555,0.81572,1.00,1.00
2017.01.18 16:05:04.488,0.81555,0.81571,1.50,1.00
2017.01.18 16:05:04.790,0.81555,0.81569,1.00,1.00
2017.01.18 16:05:04.892,0.81552,0.81569,1.00,1.00
2017.01.18 16:05:05.224,0.8155,0.81569,1.87,1.00
2017.01.18 16:05:05.701,0.8155,0.81567,1.00,1.00
2017.01.18 16:05:06.004,0.81548,0.81567,1.00,1.00
2017.01.18 16:05:06.156,0.81548,0.81565,1.00,1.00
2017.01.18 16:05:06.307,0.81546,0.81565,1.87,1.00
2017.01.18 16:05:06.560,0.81549,0.81569,1.00,1.75
2017.01.18 16:05:06.711,0.8155,0.8157,1.00,1.00
2017.01.18 16:05:08.547,0.8155,0.81568,1.00,1.00
2017.01.18 16:05:09.040,0.81549,0.81566,1.00,1.00
2017.01.18 16:05:09.091,0.8155,0.81569,1.00,1.12
2017.01.18 16:05:09.142,0.8155,0.81565,1.00,1.00
2017.01.18 16:05:09.193,0.81547,0.81564,2.25,1.00
2017.01.18 16:05:09.244,0.81546,0.81567,1.12,1.00
2017.01.18 16:05:09.296,0.81546,0.81565,1.12,1.00
2017.01.18 16:05:10.177,0.81543,0.81565,1.37,1.50
2017.01.18 16:05:10.228,0.81541,0.81565,2.25,1.50
2017.01.18 16:05:10.278,0.81543,0.81564,1.00,1.00
2017.01.18 16:05:10.581,0.81542,0.81562,1.00,1.00
2017.01.18 16:05:10.912,0.81545,0.81568,1.00,2.25
2017.01.18 16:05:10.962,0.81547,0.81568,1.00,2.62
2017.01.18 16:05:11.265,0.81552,0.81572,1.00,1.00
2017.01.18 16:05:12.026,0.81552,0.8157,1.00,1.00
2017.01.18 16:05:12.127,0.81549,0.8157,1.00,1.00
2017.01.18 16:05:13.083,0.81549,0.81568,1.00,1.00
2017.01.18 16:05:13.669,0.81549,0.81571,1.00,1.00
2017.01.18 16:05:13.719,0.81552,0.81571,1.00,1.00
2017.01.18 16:05:13.994,0.81552,0.81573,1.00,1.50
2017.01.18 16:05:14.045,0.81552,0.81571,1.00,1.00
2017.01.18 16:05:14.581,0.81552,0.81572,1.00,1.00
2017.01.18 16:05:14.884,0.81552,0.81569,1.00,1.00
2017.01.18 16:05:15.444,0.81552,0.8157,1.00,1.00
2017.01.18 16:05:15.747,0.81556,0.81574,1.00,1.37
2017.01.18 16:05:15.885,0.81556,0.81575,1.00,1.00
2017.01.18 16:05:15.935,0.81556,0.81573,1.00,1.00
2017.01.18 16:05:16.647,0.81556,0.81572,1.00,1.00
2017.01.18 16:05:16.806,0.81556,0.81575,1.00,1.87
2017.01.18 16:05:16.957,0.81553,0.81574,2.25,1.00
2017.01.18 16:05:17.491,0.81553,0.81573,1.50,1.00
2017.01.18 16:05:17.947,0.81556,0.81574,1.00,1.00
2017.01.18 16:05:18.149,0.81556,0.81576,1.00,1.12
2017.01.18 16:05:18.301,0.81556,0.81573,1.87,1.00
2017.01.18 16:05:18.351,0.81556,0.81577,1.12,1.50
2017.01.18 16:05:18.402,0.81556,0.81574,1.12,1.00
2017.01.18 16:05:18.611,0.81556,0.81579,1.00,2.25
2017.01.18 16:05:18.866,0.81556,0.81577,1.00,1.00
2017.01.18 16:05:19.401,0.81556,0.81576,1.00,1.00
2017.01.18 16:05:19.703,0.81556,0.81574,1.00,1.00
2017.01.18 16:05:20.216,0.81556,0.81575,1.00,1.00
2017.01.18 16:05:20.317,0.81556,0.81577,2.25,1.00
2017.01.18 16:05:20.418,0.81558,0.8158,1.50,1.50
2017.01.18 16:05:21.008,0.81558,0.8158,1.50,1.50
2017.01.18 16:05:21.726,0.81558,0.81578,1.00,1.00
2017.01.18 16:05:22.229,0.81558,0.81577,1.00,1.00
2017.01.18 16:05:22.342,0.81558,0.81575,1.00,1.00
2017.01.18 16:05:22.443,0.81558,0.81577,1.00,1.00
2017.01.18 16:05:22.494,0.81558,0.81575,1.00,1.00
2017.01.18 16:05:22.545,0.81558,0.81577,1.00,1.00
2017.01.18 16:05:22.596,0.81558,0.81575,1.00,1.00
2017.01.18 16:05:23.237,0.81555,0.81575,3.00,1.00
2017.01.18 16:05:23.489,0.81555,0.81575,1.50,1.00
2017.01.18 16:05:24.021,0.81555,0.81576,1.50,1.12
2017.01.18 16:05:24.825,0.81555,0.81574,1.50,1.00
2017.01.18 16:05:25.236,0.81555,0.81571,1.00,1.00
2017.01.18 16:05:25.287,0.81552,0.81574,1.75,1.00
2017.01.18 16:05:25.439,0.81552,0.81571,1.75,1.00
2017.01.18 16:05:25.816,0.81549,0.81568,2.62,1.00
2017.01.18 16:05:26.027,0.81545,0.81567,3.00,1.00
2017.01.18 16:05:26.279,0.81545,0.81564,1.50,1.00
2017.01.18 16:05:26.431,0.81543,0.81563,1.00,1.00
2017.01.18 16:05:26.984,0.81545,0.81565,1.00,1.50
2017.01.18 16:05:27.287,0.81549,0.81566,1.00,1.50
2017.01.18 16:05:27.540,0.8155,0.81569,1.00,1.00
2017.01.18 16:05:27.641,0.81547,0.81568,1.00,1.00
2017.01.18 16:05:27.994,0.8155,0.81572,1.00,3.37
2017.01.18 16:05:28.247,0.81549,0.8157,1.50,1.00
2017.01.18 16:05:28.515,0.81552,0.81574,1.00,2.25
2017.01.18 16:05:29.385,0.81552,0.8157,1.00,1.00
2017.01.18 16:05:30.276,0.81552,0.81571,1.00,1.12
2017.01.18 16:05:30.378,0.81552,0.81573,3.00,1.00
2017.01.18 16:05:30.529,0.81554,0.81574,1.00,1.12
2017.01.18 16:05:31.086,0.81555,0.81575,1.00,1.87
2017.01.18 16:05:31.588,0.81555,0.81575,1.00,1.50
2017.01.18 16:05:32.148,0.81555,0.81576,1.00,1.00
2017.01.18 16:05:32.878,0.81556,0.81577,1.00,1.00
2017.01.18 16:05:33.220,0.81554,0.81574,1.50,1.00
2017.01.18 16:05:33.523,0.81554,0.81572,1.50,1.00
2017.01.18 16:05:34.215,0.81554,0.81573,1.50,1.12
2017.01.18 16:05:34.810,0.81554,0.81572,1.50,1.00
2017.01.18 16:05:35.214,0.81552,0.81571,1.50,1.00
2017.01.18 16:05:35.264,0.81554,0.81575,1.00,1.75
2017.01.18 16:05:35.568,0.81555,0.8157,1.00,1.00
2017.01.18 16:05:36.052,0.81554,0.81573,1.50,1.00
2017.01.18 16:05:36.102,0.81556,0.81573,1.00,1.00
2017.01.18 16:05:36.153,0.81558,0.81578,1.00,1.00
2017.01.18 16:05:36.304,0.81557,0.81576,1.50,1.00
2017.01.18 16:05:36.853,0.81557,0.81575,1.50,1.00
2017.01.18 16:05:37.774,0.81557,0.81576,1.50,1.00
2017.01.18 16:05:38.430,0.81557,0.81575,1.50,1.00
2017.01.18 16:05:39.353,0.81557,0.81577,1.50,1.00
2017.01.18 16:05:39.559,0.81557,0.81575,1.50,1.00
2017.01.18 16:05:39.886,0.81558,0.81577,1.50,1.00
2017.01.18 16:05:40.572,0.81555,0.81574,1.87,1.00
2017.01.18 16:05:40.716,0.81556,0.81576,1.00,1.00
2017.01.18 16:05:41.204,0.81556,0.81574,1.00,1.00
2017.01.18 16:05:41.709,0.81555,0.81573,1.00,1.00
2017.01.18 16:05:43.179,0.81552,0.81571,2.25,1.00
2017.01.18 16:05:43.281,0.81552,0.81573,2.25,1.00
2017.01.18 16:05:43.812,0.81552,0.81572,2.25,1.00
2017.01.18 16:05:44.710,0.81553,0.81572,1.00,1.00
2017.01.18 16:05:45.910,0.81552,0.81572,3.00,1.00
2017.01.18 16:05:46.451,0.81553,0.81573,1.00,1.00
2017.01.18 16:05:46.912,0.81553,0.81575,1.50,1.50
2017.01.18 16:05:47.901,0.81554,0.81573,1.00,1.00
2017.01.18 16:05:49.803,0.81555,0.81574,1.00,1.00
2017.01.18 16:05:50.787,0.81554,0.81574,1.00,1.00
2017.01.18 16:05:51.090,0.81548,0.81566,1.37,1.00
2017.01.18 16:05:51.260,0.81548,0.81566,1.00,1.00
2017.01.18 16:05:51.804,0.8155,0.81569,1.00,1.00
2017.01.18 16:05:51.905,0.81549,0.81567,1.87,1.00
2017.01.18 16:05:52.420,0.81548,0.81567,1.50,1.00
2017.01.18 16:05:53.219,0.81547,0.81566,1.50,1.00
2017.01.18 16:05:54.062,0.81548,0.81566,1.00,1.00
2017.01.18 16:05:54.628,0.81548,0.81565,1.00,1.00
2017.01.18 16:05:56.712,0.81548,0.81564,1.00,1.00
2017.01.18 16:05:57.270,0.81547,0.81564,1.00,1.00
2017.01.18 16:05:58.706,0.81547,0.81561,1.00,1.00
2017.01.18 16:05:58.757,0.81543,0.8156,1.87,1.00
2017.01.18 16:05:58.959,0.81541,0.81556,1.00,1.00
2017.01.18 16:05:59.480,0.8154,0.81557,2.25,1.00
2017.01.18 16:05:59.988,0.8154,0.81558,1.50,1.00
2017.01.18 16:06:02.256,0.8154,0.81557,2.62,1.00
2017.01.18 16:06:02.807,0.81539,0.81556,1.00,1.00
2017.01.18 16:06:02.858,0.81539,0.81558,1.00,1.00
2017.01.18 16:06:03.750,0.81539,0.81557,1.12,1.00
2017.01.18 16:06:04.685,0.81541,0.81557,1.00,1.00
2017.01.18 16:06:05.191,0.81542,0.81558,1.00,1.00
2017.01.18 16:06:05.746,0.81542,0.8156,1.00,1.00
2017.01.18 16:06:06.487,0.81541,0.8156,1.00,1.00
2017.01.18 16:06:06.967,0.81542,0.81558,1.00,1.00
2017.01.18 16:06:07.018,0.81542,0.81561,1.00,1.12
2017.01.18 16:06:07.220,0.81544,0.81564,1.00,1.75
2017.01.18 16:06:07.422,0.81549,0.81568,1.00,1.00
2017.01.18 16:06:07.473,0.81547,0.81569,2.25,1.50
2017.01.18 16:06:07.801,0.81549,0.81569,1.00,1.00
2017.01.18 16:06:08.140,0.81552,0.81573,1.00,2.25
2017.01.18 16:06:08.543,0.81554,0.81573,1.00,1.75
2017.01.18 16:06:08.645,0.81554,0.81573,1.00,1.00
2017.01.18 16:06:08.696,0.81554,0.8157,1.00,1.87
2017.01.18 16:06:08.747,0.81552,0.8157,1.00,1.87
2017.01.18 16:06:08.797,0.8155,0.81567,1.00,1.00
2017.01.18 16:06:09.124,0.81546,0.81563,1.00,1.00
2017.01.18 16:06:09.326,0.8155,0.81568,1.50,1.00
2017.01.18 16:06:09.638,0.81553,0.81572,1.00,1.12
2017.01.18 16:06:09.840,0.81551,0.81572,1.00,1.12
2017.01.18 16:06:09.891,0.8155,0.8157,1.50,1.00
2017.01.18 16:06:10.687,0.8155,0.81572,1.50,1.12
2017.01.18 16:06:10.738,0.81552,0.81573,1.00,1.50
2017.01.18 16:06:11.141,0.81553,0.81574,2.25,1.00
2017.01.18 16:06:11.765,0.81553,0.81569,1.50,1.00
2017.01.18 16:06:12.110,0.81551,0.81568,1.00,1.00
2017.01.18 16:06:12.261,0.81551,0.81566,1.00,1.00
2017.01.18 16:06:12.615,0.81546,0.81566,2.25,1.00
2017.01.18 16:06:12.785,0.81548,0.81569,1.87,1.00
2017.01.18 16:06:13.037,0.81548,0.81567,1.50,1.00
2017.01.18 16:06:13.884,0.81547,0.81563,1.00,1.00
2017.01.18 16:06:13.935,0.81545,0.81565,1.00,2.10
2017.01.18 16:06:14.288,0.8155,0.81565,1.00,1.00
2017.01.18 16:06:14.749,0.81547,0.8157,1.00,1.50
2017.01.18 16:06:15.266,0.81547,0.81571,2.25,1.00
2017.01.18 16:06:15.317,0.8155,0.81571,1.50,1.00
2017.01.18 16:06:15.828,0.81551,0.81567,1.00,1.00
2017.01.18 16:06:16.335,0.81551,0.81568,1.00,1.00
2017.01.18 16:06:16.631,0.81551,0.8157,1.00,1.00
2017.01.18 16:06:17.292,0.81551,0.81573,1.00,1.87
2017.01.18 16:06:17.512,0.81555,0.81573,1.00,1.37
2017.01.18 16:06:17.613,0.81557,0.81578,1.00,2.25
2017.01.18 16:06:17.714,0.81557,0.81578,1.00,1.12
2017.01.18 16:06:18.017,0.81557,0.81575,1.50,1.00
2017.01.18 16:06:18.068,0.81557,0.81578,1.00,1.87
2017.01.18 16:06:19.061,0.8156,0.81579,1.00,1.50
2017.01.18 16:06:19.212,0.81561,0.81581,1.00,1.00
2017.01.18 16:06:19.464,0.81559,0.8158,1.50,1.00
2017.01.18 16:06:20.988,0.81559,0.81579,1.50,1.00
2017.01.18 16:06:21.601,0.81559,0.81578,1.50,1.00
2017.01.18 16:06:22.317,0.8156,0.81578,1.00,1.00
2017.01.18 16:06:22.833,0.81559,0.81579,1.50,1.00
2017.01.18 16:06:24.345,0.81559,0.81576,1.00,1.00
2017.01.18 16:06:24.446,0.81557,0.81575,1.50,1.00
2017.01.18 16:06:24.993,0.81557,0.81574,1.00,1.00
2017.01.18 16:06:25.044,0.81554,0.81572,2.25,1.00
2017.01.18 16:06:25.546,0.81554,0.81571,1.00,1.00
2017.01.18 16:06:25.596,0.81554,0.81573,1.50,1.00
2017.01.18 16:06:26.156,0.81554,0.81571,1.50,1.00
2017.01.18 16:06:27.190,0.81554,0.8157,1.00,1.00
2017.01.18 16:06:29.643,0.8155,0.8157,3.75,1.00
2017.01.18 16:06:29.845,0.8155,0.8157,3.37,1.00
2017.01.18 16:06:30.359,0.8155,0.8157,2.25,1.00
2017.01.18 16:06:31.190,0.8155,0.81569,3.00,1.00
2017.01.18 16:06:31.698,0.8155,0.81568,2.25,1.00
2017.01.18 16:06:32.414,0.81555,0.81568,1.00,1.00
2017.01.18 16:06:32.947,0.81555,0.81569,1.00,1.00
2017.01.18 16:06:33.183,0.8155,0.81569,2.25,1.00
2017.01.18 16:06:33.335,0.8155,0.81567,1.00,1.00
2017.01.18 16:06:33.752,0.81555,0.81569,1.00,1.00
2017.01.18 16:06:33.954,0.81549,0.81569,1.50,1.00
2017.01.18 16:06:34.155,0.81551,0.81569,1.00,1.00
2017.01.18 16:06:34.465,0.81555,0.8157,1.00,1.00
2017.01.18 16:06:34.767,0.81555,0.81572,1.00,1.50
2017.01.18 16:06:35.051,0.81551,0.8157,1.00,1.00
2017.01.18 16:06:35.152,0.81555,0.81573,1.00,1.50
2017.01.18 16:06:35.203,0.81551,0.81571,1.00,1.00
2017.01.18 16:06:35.304,0.81551,0.81569,1.00,1.00
2017.01.18 16:06:35.657,0.81554,0.81569,1.00,1.00
2017.01.18 16:06:35.758,0.81554,0.81572,1.00,1.50
2017.01.18 16:06:35.939,0.81554,0.81568,1.00,1.00
2017.01.18 16:06:35.990,0.81551,0.81568,1.00,1.00
2017.01.18 16:06:36.222,0.81547,0.81567,1.00,1.00
2017.01.18 16:06:36.423,0.8155,0.81568,1.00,1.00
2017.01.18 16:06:37.763,0.81547,0.81568,1.50,1.00
2017.01.18 16:06:38.062,0.8155,0.81568,1.00,1.00
2017.01.18 16:06:38.263,0.81547,0.81568,1.50,1.00
2017.01.18 16:06:38.783,0.81547,0.81569,1.00,1.00
2017.01.18 16:06:40.059,0.8155,0.81569,1.00,1.00
2017.01.18 16:06:40.546,0.81547,0.81569,1.00,1.00
2017.01.18 16:06:41.040,0.8155,0.81569,1.00,1.00
2017.01.18 16:06:41.494,0.8155,0.81566,1.00,1.00
2017.01.18 16:06:41.840,0.8155,0.81569,1.00,1.00
2017.01.18 16:06:41.941,0.81555,0.8157,1.00,1.00
2017.01.18 16:06:42.092,0.81555,0.81572,1.00,1.12
2017.01.18 16:06:43.017,0.81555,0.81571,1.00,1.00
2017.01.18 16:06:43.703,0.81557,0.81574,1.00,1.50
2017.01.18 16:06:43.754,0.8156,0.81579,1.50,2.85
2017.01.18 16:06:43.906,0.8156,0.81579,1.50,1.50
2017.01.18 16:06:45.750,0.81561,0.81579,1.00,1.00
2017.01.18 16:06:46.499,0.81561,0.8158,1.00,1.00
2017.01.18 16:06:46.849,0.81562,0.81582,1.00,1.50
2017.01.18 16:06:48.255,0.81564,0.81582,1.00,1.00
2017.01.18 16:06:48.356,0.81565,0.81584,1.50,1.12
2017.01.18 16:06:49.192,0.81564,0.81583,1.50,1.00
2017.01.18 16:06:51.045,0.81565,0.8158,1.00,1.00
2017.01.18 16:06:51.146,0.81561,0.81578,1.50,1.00
2017.01.18 16:06:51.248,0.8156,0.81578,1.50,1.00
2017.01.18 16:06:52.873,0.8156,0.81577,1.00,1.00
2017.01.18 16:06:53.412,0.8156,0.81578,1.00,1.00
2017.01.18 16:06:53.697,0.81557,0.81574,2.25,1.00
2017.01.18 16:06:54.221,0.81555,0.81575,2.25,1.50
2017.01.18 16:06:54.523,0.81554,0.81572,3.37,1.00
2017.01.18 16:06:56.066,0.81555,0.81572,1.50,1.00
2017.01.18 16:06:56.579,0.81555,0.81571,1.00,1.00
2017.01.18 16:06:57.035,0.81552,0.81571,1.00,1.00
2017.01.18 16:06:57.426,0.81555,0.81571,1.00,1.00
2017.01.18 16:06:57.716,0.81552,0.81571,1.00,1.00
2017.01.18 16:06:58.859,0.81555,0.81571,1.00,1.00
2017.01.18 16:06:59.236,0.81555,0.81574,1.00,1.50
2017.01.18 16:06:59.741,0.81556,0.81576,1.00,1.00
2017.01.18 16:07:00.228,0.8156,0.81576,1.00,1.00
2017.01.18 16:07:00.552,0.81558,0.81576,1.50,1.00
2017.01.18 16:07:00.603,0.81555,0.81576,2.25,1.00
2017.01.18 16:07:00.906,0.8156,0.81576,1.00,1.00
2017.01.18 16:07:01.007,0.81555,0.81576,3.00,1.00
2017.01.18 16:07:01.619,0.81555,0.81575,2.25,1.00
2017.01.18 16:07:06.486,0.81555,0.81572,2.25,1.00
2017.01.18 16:07:07.831,0.81554,0.81574,1.87,1.00
2017.01.18 16:07:08.903,0.81555,0.81574,1.00,1.00
2017.01.18 16:07:09.860,0.81554,0.81574,1.12,1.00
2017.01.18 16:07:11.912,0.81553,0.81572,1.50,1.00
2017.01.18 16:07:12.626,0.81553,0.81573,2.25,1.00
2017.01.18 16:07:12.929,0.81552,0.81571,2.62,1.00
2017.01.18 16:07:12.979,0.81552,0.81571,1.50,1.00
2017.01.18 16:07:14.882,0.81552,0.81572,2.25,1.00
2017.01.18 16:07:15.415,0.81552,0.81569,1.00,1.00
2017.01.18 16:07:15.714,0.81549,0.81567,1.50,1.00
2017.01.18 16:07:16.376,0.81549,0.81568,1.50,1.00
2017.01.18 16:07:18.646,0.81549,0.81569,1.50,1.00
2017.01.18 16:07:19.163,0.81549,0.81568,1.50,1.00
2017.01.18 16:07:20.121,0.81549,0.81569,2.25,1.50
2017.01.18 16:07:20.759,0.8155,0.81569,1.00,1.50
2017.01.18 16:07:21.061,0.81555,0.81569,1.00,1.00
2017.01.18 16:07:21.162,0.8155,0.81568,1.00,1.00
2017.01.18 16:07:21.763,0.81551,0.81569,1.00,1.00
2017.01.18 16:07:22.370,0.81551,0.81569,1.00,1.50
2017.01.18 16:07:22.723,0.81548,0.81568,1.00,1.12
2017.01.18 16:07:22.774,0.81548,0.81566,1.00,1.00
2017.01.18 16:07:22.875,0.81548,0.81568,1.50,1.12
2017.01.18 16:07:22.926,0.8155,0.8157,1.00,1.75
2017.01.18 16:07:23.299,0.81549,0.8157,1.50,1.50
2017.01.18 16:07:23.650,0.81549,0.81566,1.00,1.00
2017.01.18 16:07:23.776,0.81545,0.81566,3.75,1.00
2017.01.18 16:07:24.079,0.81548,0.81567,1.00,1.50
2017.01.18 16:07:24.381,0.8155,0.81567,1.00,1.00
2017.01.18 16:07:25.221,0.81548,0.81566,1.12,1.00
2017.01.18 16:07:25.372,0.81546,0.81566,1.00,1.00
2017.01.18 16:07:25.905,0.81545,0.81565,1.12,1.00
2017.01.18 16:07:26.056,0.81547,0.81565,1.50,1.00
2017.01.18 16:07:26.616,0.81547,0.81564,1.50,1.00
2017.01.18 16:07:26.667,0.81547,0.81567,1.50,1.12
2017.01.18 16:07:27.127,0.8155,0.81568,1.00,1.50
2017.01.18 16:07:27.329,0.8155,0.81569,1.50,1.00
2017.01.18 16:07:35.737,0.81548,0.81569,2.47,1.00
2017.01.18 16:07:36.167,0.8155,0.81569,1.00,1.00
2017.01.18 16:07:36.416,0.81548,0.81569,2.47,1.00
2017.01.18 16:07:36.618,0.8155,0.8157,1.00,1.12
2017.01.18 16:07:36.921,0.8155,0.81566,1.00,1.00
2017.01.18 16:07:37.649,0.8155,0.81569,1.00,1.50
2017.01.18 16:07:37.700,0.81555,0.8157,1.00,1.37
2017.01.18 16:07:37.751,0.81555,0.8157,1.00,1.12
2017.01.18 16:07:37.953,0.81551,0.8157,1.12,1.00
2017.01.18 16:07:40.650,0.81551,0.81569,1.12,1.00
2017.01.18 16:07:41.109,0.81555,0.81569,1.00,1.00
2017.01.18 16:07:41.160,0.81551,0.81571,2.10,1.12
2017.01.18 16:07:41.514,0.81551,0.81569,1.00,1.00
2017.01.18 16:07:41.593,0.81548,0.81569,2.62,1.50
2017.01.18 16:07:41.644,0.81548,0.81566,1.87,1.00
2017.01.18 16:07:41.947,0.8155,0.81567,1.00,1.50
2017.01.18 16:07:42.062,0.81545,0.81567,1.50,1.50
2017.01.18 16:07:42.113,0.81545,0.81564,1.00,1.00
2017.01.18 16:07:42.659,0.8155,0.81564,1.00,1.00
2017.01.18 16:07:42.710,0.8155,0.81568,1.00,2.25
2017.01.18 16:07:42.862,0.8155,0.81571,2.25,1.50
2017.01.18 16:07:44.120,0.8155,0.81568,1.00,1.00
2017.01.18 16:07:44.373,0.81547,0.81567,2.25,1.12
2017.01.18 16:07:44.423,0.81547,0.81565,1.50,1.00
2017.01.18 16:07:44.733,0.81545,0.81563,1.00,1.00
2017.01.18 16:07:45.376,0.81545,0.81564,1.50,1.12
2017.01.18 16:07:46.098,0.81544,0.81564,1.50,1.87
2017.01.18 16:07:46.350,0.81541,0.81564,1.50,2.25
2017.01.18 16:07:46.735,0.81545,0.81563,1.00,1.12
2017.01.18 16:07:46.887,0.81543,0.81563,2.25,1.12
2017.01.18 16:07:47.426,0.81543,0.81562,1.50,1.00
2017.01.18 16:07:47.740,0.81543,0.81564,2.62,1.00
2017.01.18 16:07:47.993,0.81543,0.81562,2.62,1.00
2017.01.18 16:07:48.344,0.81545,0.81562,1.00,1.00
2017.01.18 16:07:48.596,0.81545,0.81565,1.00,1.12
2017.01.18 16:07:51.921,0.81545,0.81564,1.00,1.00
2017.01.18 16:07:52.425,0.81545,0.81563,1.00,1.00
2017.01.18 16:07:53.911,0.81545,0.81564,1.00,1.00
2017.01.18 16:07:55.200,0.81545,0.81565,1.00,1.12
2017.01.18 16:07:55.452,0.8155,0.81567,1.00,1.75
2017.01.18 16:07:55.503,0.81547,0.81567,1.50,1.75
2017.01.18 16:07:55.604,0.8155,0.81567,1.00,1.75
2017.01.18 16:07:55.654,0.81546,0.81564,1.50,1.00
2017.01.18 16:07:55.705,0.81543,0.81563,2.47,1.00
2017.01.18 16:07:55.756,0.81545,0.81564,1.60,2.25
2017.01.18 16:07:56.276,0.81545,0.81566,3.00,1.50
2017.01.18 16:07:56.781,0.81544,0.81565,1.00,1.87
2017.01.18 16:07:57.083,0.81549,0.81566,1.00,1.50
2017.01.18 16:07:57.301,0.81546,0.81565,1.00,1.12
2017.01.18 16:07:59.300,0.81546,0.81566,1.00,1.12
2017.01.18 16:07:59.814,0.81545,0.81565,1.00,1.00
2017.01.18 16:08:00.986,0.81545,0.81564,1.00,1.00
2017.01.18 16:08:01.524,0.81544,0.81563,2.25,1.00
2017.01.18 16:08:02.187,0.81545,0.81562,1.00,1.00
2017.01.18 16:08:02.709,0.81545,0.81561,1.00,1.00
2017.01.18 16:08:03.289,0.81544,0.81561,1.00,1.00
2017.01.18 16:08:05.136,0.81544,0.81562,1.00,1.00
2017.01.18 16:08:06.110,0.81544,0.81563,1.00,1.00
2017.01.18 16:08:07.936,0.81544,0.81562,1.00,1.00
2017.01.18 16:08:08.088,0.81545,0.81559,1.00,1.00
2017.01.18 16:08:08.275,0.81543,0.81559,1.00,1.00
2017.01.18 16:08:08.326,0.8154,0.81559,1.87,1.00
2017.01.18 16:08:11.163,0.81542,0.81562,1.00,1.50
2017.01.18 16:08:11.214,0.81545,0.81562,1.00,1.50
2017.01.18 16:08:11.366,0.81545,0.81564,1.00,1.87
2017.01.18 16:08:11.918,0.81544,0.81564,1.00,1.12
2017.01.18 16:08:12.222,0.81543,0.81558,1.00,1.00
2017.01.18 16:08:12.324,0.8154,0.81558,3.00,1.00
2017.01.18 16:08:12.962,0.81545,0.81562,1.00,1.50
2017.01.18 16:08:13.214,0.81545,0.81563,1.00,1.00
2017.01.18 16:08:13.316,0.81543,0.81563,1.50,1.00
2017.01.18 16:08:13.418,0.81545,0.81561,1.00,1.00
2017.01.18 16:08:13.519,0.81541,0.81559,1.12,1.00
2017.01.18 16:08:14.253,0.81545,0.81559,1.00,1.00
2017.01.18 16:08:14.924,0.81541,0.81559,1.12,1.00
2017.01.18 16:08:15.177,0.81545,0.81562,1.00,1.00
2017.01.18 16:08:15.585,0.81545,0.81561,1.00,1.37
2017.01.18 16:08:16.856,0.81544,0.81561,1.00,1.50
2017.01.18 16:08:18.108,0.81545,0.81561,1.00,1.50
2017.01.18 16:08:18.379,0.81542,0.81562,2.10,1.75
2017.01.18 16:08:18.580,0.81542,0.81562,1.50,1.00
2017.01.18 16:08:19.122,0.81543,0.81563,1.50,1.12
2017.01.18 16:08:19.274,0.81545,0.81562,1.00,1.00
2017.01.18 16:08:19.325,0.81541,0.81561,2.25,1.50
2017.01.18 16:08:20.317,0.81545,0.81561,1.00,1.00
2017.01.18 16:08:20.519,0.81543,0.81561,1.00,1.00
2017.01.18 16:08:23.820,0.81545,0.81561,1.00,1.00
2017.01.18 16:08:23.921,0.81545,0.81563,1.00,1.12
2017.01.18 16:08:24.526,0.81543,0.81563,1.35,1.12
2017.01.18 16:08:24.953,0.81545,0.81563,1.00,1.00
2017.01.18 16:08:25.516,0.81544,0.81563,1.00,1.00
2017.01.18 16:08:26.153,0.81545,0.81563,1.00,1.00
2017.01.18 16:08:26.675,0.81545,0.81562,1.00,1.00
2017.01.18 16:08:26.783,0.81543,0.81562,1.35,1.00
2017.01.18 16:08:26.884,0.81545,0.81562,1.00,1.00
2017.01.18 16:08:27.422,0.81545,0.8156,1.00,1.00
2017.01.18 16:08:27.524,0.81542,0.8156,1.00,1.00
2017.01.18 16:08:28.231,0.81545,0.8156,1.00,1.00
2017.01.18 16:08:28.833,0.81542,0.8156,1.00,1.00
2017.01.18 16:08:29.842,0.81541,0.8156,2.25,1.12
2017.01.18 16:08:30.254,0.81541,0.81557,1.00,1.00
2017.01.18 16:08:30.322,0.81541,0.81559,1.00,1.00
2017.01.18 16:08:30.789,0.81545,0.81561,1.00,1.50
2017.01.18 16:08:30.890,0.81543,0.81563,1.00,1.75
2017.01.18 16:08:30.941,0.81545,0.81563,1.50,1.75
2017.01.18 16:08:32.144,0.81545,0.81563,1.50,1.37
2017.01.18 16:08:32.205,0.81545,0.81563,1.50,1.00
2017.01.18 16:08:32.747,0.81545,0.81564,1.50,1.00
2017.01.18 16:08:33.510,0.81545,0.81562,1.00,1.00
2017.01.18 16:08:33.812,0.81545,0.81564,1.00,1.50
2017.01.18 16:08:33.876,0.81545,0.81562,1.50,1.00
2017.01.18 16:08:34.247,0.81548,0.81567,1.00,1.50
2017.01.18 16:08:34.298,0.81548,0.81567,1.00,1.50
2017.01.18 16:08:34.450,0.81548,0.81564,1.00,1.00
2017.01.18 16:08:34.501,0.81545,0.81564,1.50,1.00
2017.01.18 16:08:34.652,0.81545,0.81562,1.50,1.00
2017.01.18 16:08:35.235,0.81545,0.81563,1.00,1.00
2017.01.18 16:08:36.204,0.81545,0.81564,1.00,1.00
2017.01.18 16:08:37.839,0.81545,0.81565,1.50,1.00
2017.01.18 16:08:38.142,0.81545,0.81562,1.00,1.00
2017.01.18 16:08:38.801,0.81544,0.81562,1.50,1.00
2017.01.18 16:08:38.877,0.81542,0.81562,1.50,1.00
2017.01.18 16:08:39.072,0.81545,0.81562,1.00,1.00
2017.01.18 16:08:39.976,0.81545,0.81563,1.00,1.12
2017.01.18 16:08:40.283,0.81542,0.81561,1.37,1.00
2017.01.18 16:08:40.589,0.81545,0.81563,1.00,1.12
2017.01.18 16:08:41.105,0.81544,0.81561,1.12,1.00
2017.01.18 16:08:41.710,0.81545,0.81559,1.00,1.00
2017.01.18 16:08:41.761,0.81545,0.81562,1.00,1.00
2017.01.18 16:08:42.302,0.81545,0.81563,1.00,1.00
2017.01.18 16:08:42.352,0.81545,0.81559,1.00,1.00
2017.01.18 16:08:42.403,0.81543,0.81559,1.00,1.00
2017.01.18 16:08:42.454,0.81541,0.81559,1.50,1.00
2017.01.18 16:08:42.958,0.81541,0.8156,1.00,1.12
2017.01.18 16:08:43.551,0.81541,0.81561,2.25,1.00
2017.01.18 16:08:43.871,0.81541,0.81559,1.50,1.00
2017.01.18 16:08:45.521,0.81541,0.81557,1.00,1.00
2017.01.18 16:08:46.007,0.81541,0.81555,1.00,1.00
2017.01.18 16:08:46.109,0.81541,0.81557,1.00,1.50
2017.01.18 16:08:46.361,0.8154,0.81559,1.00,1.00
2017.01.18 16:08:46.715,0.81542,0.81563,1.00,1.00
2017.01.18 16:08:47.320,0.81542,0.81561,1.00,1.00
2017.01.18 16:08:47.622,0.81541,0.81558,1.00,1.00
2017.01.18 16:08:48.363,0.81541,0.8156,1.00,1.12
2017.01.18 16:08:48.922,0.81541,0.81559,1.00,1.00
2017.01.18 16:08:50.070,0.81541,0.81558,1.00,1.00
2017.01.18 16:08:50.580,0.8154,0.81557,1.50,1.00
2017.01.18 16:08:51.129,0.81541,0.81557,1.00,1.00
2017.01.18 16:08:51.180,0.81541,0.81555,1.00,1.00
2017.01.18 16:08:51.688,0.8154,0.81558,1.00,1.75
2017.01.18 16:08:52.022,0.8154,0.8156,1.00,1.00
2017.01.18 16:08:53.172,0.8154,0.81558,1.00,1.00
2017.01.18 16:08:53.812,0.8154,0.81557,1.00,1.00
2017.01.18 16:08:56.856,0.81539,0.81557,1.00,1.00
2017.01.18 16:08:57.416,0.81539,0.81558,1.00,1.00
2017.01.18 16:09:00.816,0.8154,0.81558,1.00,1.00
2017.01.18 16:09:01.017,0.81535,0.81555,3.00,1.00
2017.01.18 16:09:01.528,0.81535,0.81554,2.25,1.00
2017.01.18 16:09:04.055,0.81535,0.81555,3.00,1.12
2017.01.18 16:09:05.823,0.81535,0.81554,2.25,1.00
2017.01.18 16:09:10.806,0.81535,0.81557,3.00,2.25
2017.01.18 16:09:10.857,0.81539,0.81558,1.00,1.75
2017.01.18 16:09:11.160,0.8154,0.81558,1.00,1.00
2017.01.18 16:09:11.312,0.81545,0.81558,1.00,1.00
2017.01.18 16:09:11.363,0.81545,0.81561,1.00,1.50
2017.01.18 16:09:12.131,0.81545,0.81561,1.00,1.00
2017.01.18 16:09:12.447,0.8154,0.81559,3.37,1.00
2017.01.18 16:09:12.957,0.8154,0.81558,2.25,1.00
2017.01.18 16:09:13.610,0.8154,0.81559,2.25,1.00
2017.01.18 16:09:13.821,0.8154,0.81561,2.62,1.00
2017.01.18 16:09:13.872,0.81545,0.81561,1.00,1.00
2017.01.18 16:09:13.954,0.81545,0.81563,1.00,1.12
2017.01.18 16:09:14.459,0.81545,0.81564,1.50,1.00
2017.01.18 16:09:14.967,0.81545,0.81563,1.50,1.00
2017.01.18 16:09:16.935,0.81545,0.81562,1.50,1.00
2017.01.18 16:09:17.187,0.81543,0.81562,1.50,1.12
2017.01.18 16:09:17.713,0.81543,0.8156,1.50,1.00
2017.01.18 16:09:18.030,0.81545,0.8156,1.00,1.00
2017.01.18 16:09:18.244,0.81543,0.8156,1.00,1.00
2017.01.18 16:09:18.841,0.81543,0.81559,1.00,1.00
2017.01.18 16:09:19.113,0.81543,0.81563,1.00,2.25
2017.01.18 16:09:19.774,0.81543,0.81561,1.00,1.00
2017.01.18 16:09:19.825,0.8154,0.81561,2.62,1.00
2017.01.18 16:09:19.926,0.81545,0.81561,1.00,1.00
2017.01.18 16:09:20.223,0.81542,0.81563,2.25,2.25
2017.01.18 16:09:20.880,0.81543,0.81562,1.00,1.12
2017.01.18 16:09:21.016,0.81545,0.81563,1.00,1.50
2017.01.18 16:09:21.521,0.81545,0.81563,1.00,1.00
2017.01.18 16:09:22.046,0.81545,0.81564,1.00,1.00
2017.01.18 16:09:23.228,0.81545,0.81563,1.00,1.00
2017.01.18 16:09:23.379,0.81543,0.81562,1.50,1.00
2017.01.18 16:09:25.080,0.81545,0.8156,1.00,1.00
2017.01.18 16:09:25.359,0.81545,0.81563,1.00,1.87
2017.01.18 16:09:25.862,0.81543,0.81563,1.87,1.00
2017.01.18 16:09:26.455,0.81543,0.81562,1.12,1.00
2017.01.18 16:09:26.506,0.81545,0.81561,1.00,1.00
2017.01.18 16:09:27.016,0.81544,0.81561,1.00,1.00
2017.01.18 16:09:27.329,0.81545,0.81561,1.50,1.00
2017.01.18 16:09:27.631,0.8155,0.81565,1.00,1.00
2017.01.18 16:09:28.903,0.81548,0.81565,1.50,1.00
2017.01.18 16:09:29.291,0.81548,0.81567,1.50,1.00
2017.01.18 16:09:29.756,0.8155,0.81567,1.00,1.00
2017.01.18 16:09:30.311,0.8155,0.81568,1.50,1.00
2017.01.18 16:09:30.852,0.8155,0.81567,1.00,1.00
2017.01.18 16:09:31.119,0.81548,0.81567,1.00,1.00
2017.01.18 16:09:31.748,0.81548,0.81566,1.00,1.00
2017.01.18 16:09:32.171,0.81555,0.81568,1.00,1.00
2017.01.18 16:09:32.272,0.81554,0.81572,2.25,1.50
2017.01.18 16:09:32.774,0.81555,0.81573,1.00,1.00
2017.01.18 16:09:33.320,0.81555,0.81572,1.00,1.00
2017.01.18 16:09:33.908,0.81554,0.81572,3.00,1.00
2017.01.18 16:09:34.553,0.81555,0.81572,1.00,1.00
2017.01.18 16:09:34.746,0.81555,0.81574,1.00,1.00
2017.01.18 16:09:35.354,0.81555,0.81574,1.50,1.00
2017.01.18 16:09:35.467,0.81555,0.81572,1.50,1.00
2017.01.18 16:09:35.812,0.81552,0.81569,1.87,1.00
2017.01.18 16:09:36.888,0.81551,0.81568,1.50,1.00
2017.01.18 16:09:37.090,0.8155,0.81567,1.00,1.00
2017.01.18 16:09:37.618,0.81555,0.8157,1.00,1.00
2017.01.18 16:09:37.769,0.81555,0.81572,1.00,1.00
2017.01.18 16:09:37.819,0.8156,0.81572,1.00,1.00
2017.01.18 16:09:37.920,0.8156,0.81574,1.00,1.00
2017.01.18 16:09:38.021,0.8156,0.81576,1.00,1.00
2017.01.18 16:09:38.525,0.81559,0.81576,1.50,1.50
2017.01.18 16:09:38.677,0.81559,0.81574,1.00,1.00
2017.01.18 16:09:38.818,0.81556,0.81574,1.12,1.00
2017.01.18 16:09:38.869,0.81555,0.81576,3.75,1.00
2017.01.18 16:09:38.978,0.81555,0.81572,2.25,1.00
2017.01.18 16:09:39.181,0.81555,0.81575,1.50,1.00
2017.01.18 16:09:39.333,0.81556,0.81577,1.12,1.00
2017.01.18 16:09:39.434,0.81558,0.81577,1.00,1.00
2017.01.18 16:09:39.999,0.81558,0.81575,1.00,1.00
2017.01.18 16:09:40.050,0.81556,0.81575,1.50,1.00
2017.01.18 16:09:40.576,0.81556,0.81576,1.00,1.00
2017.01.18 16:09:40.952,0.81559,0.8158,1.50,2.25
2017.01.18 16:09:41.104,0.8156,0.8158,2.25,1.00
2017.01.18 16:09:41.663,0.81561,0.81581,1.12,1.50
2017.01.18 16:09:42.223,0.81561,0.8158,1.12,1.00
2017.01.18 16:09:43.187,0.8156,0.81575,1.50,1.00
2017.01.18 16:09:43.238,0.81559,0.81578,1.75,1.00
2017.01.18 16:09:43.541,0.81557,0.81578,1.12,1.50
2017.01.18 16:09:43.659,0.81557,0.81576,1.12,1.00
2017.01.18 16:09:44.644,0.81557,0.81577,1.12,1.00
2017.01.18 16:09:45.027,0.81557,0.81577,1.75,1.00
2017.01.18 16:09:45.599,0.81557,0.81576,1.75,1.00
2017.01.18 16:09:49.058,0.81556,0.81575,3.00,1.00
2017.01.18 16:09:49.210,0.81556,0.81575,2.25,1.00
2017.01.18 16:09:50.316,0.81556,0.81575,1.75,1.00
2017.01.18 16:09:51.124,0.81558,0.81576,2.25,1.00
2017.01.18 16:09:51.814,0.81558,0.81575,2.25,1.00
2017.01.18 16:09:53.850,0.8156,0.81577,1.12,1.00
2017.01.18 16:09:54.796,0.8156,0.81576,1.12,1.00
2017.01.18 16:09:55.268,0.81562,0.81581,1.50,1.35
2017.01.18 16:09:55.319,0.81565,0.81581,1.00,1.00
2017.01.18 16:09:55.528,0.81566,0.81586,1.50,1.37
2017.01.18 16:09:56.075,0.81566,0.81586,2.25,1.50
2017.01.18 16:09:56.177,0.81566,0.81583,2.25,1.00
2017.01.18 16:09:59.335,0.81566,0.81585,1.50,1.00
2017.01.18 16:09:59.487,0.81568,0.81587,1.50,1.00
2017.01.18 16:10:00.024,0.81569,0.81587,1.00,1.00
2017.01.18 16:10:00.706,0.81567,0.81584,1.00,1.60
2017.01.18 16:10:00.757,0.81565,0.81582,1.50,1.00
2017.01.18 16:10:01.009,0.81563,0.81582,1.00,1.00
2017.01.18 16:10:01.060,0.81565,0.81583,1.00,1.00
2017.01.18 16:10:01.111,0.81566,0.81586,1.00,1.00
2017.01.18 16:10:01.161,0.81567,0.81583,1.00,1.00
2017.01.18 16:10:01.685,0.81566,0.81585,1.12,1.00
2017.01.18 16:10:01.749,0.81566,0.81587,1.87,1.00
2017.01.18 16:10:02.255,0.8157,0.81586,1.00,1.00
2017.01.18 16:10:02.356,0.81566,0.81586,1.00,1.00
2017.01.18 16:10:02.899,0.81566,0.81585,1.00,1.50
2017.01.18 16:10:03.784,0.81566,0.81586,1.00,1.00
2017.01.18 16:10:03.986,0.81566,0.81589,1.00,1.50
2017.01.18 16:10:04.162,0.81567,0.81589,1.50,1.50
2017.01.18 16:10:04.532,0.81569,0.81586,1.00,1.50
2017.01.18 16:10:04.634,0.81565,0.81586,1.87,1.00
2017.01.18 16:10:04.735,0.8157,0.8159,1.00,1.75
2017.01.18 16:10:04.941,0.8157,0.81591,3.00,1.00
2017.01.18 16:10:04.992,0.8157,0.81593,3.00,1.00
2017.01.18 16:10:05.368,0.8157,0.81591,3.00,1.00
2017.01.18 16:10:05.419,0.8157,0.81593,1.50,1.50
2017.01.18 16:10:05.701,0.81573,0.81594,1.00,1.12
2017.01.18 16:10:06.163,0.81572,0.81592,1.00,1.00
2017.01.18 16:10:06.693,0.81572,0.81593,1.00,2.25
2017.01.18 16:10:08.030,0.81572,0.81591,1.00,1.00
2017.01.18 16:10:08.550,0.81572,0.8159,1.00,1.12
2017.01.18 16:10:11.866,0.8157,0.8159,1.50,1.12
2017.01.18 16:10:13.299,0.8157,0.81589,1.00,1.00
2017.01.18 16:10:13.955,0.8157,0.81588,1.00,1.00
2017.01.18 16:10:14.487,0.81569,0.81587,1.00,1.00
2017.01.18 16:10:14.589,0.81566,0.81587,1.50,1.87
2017.01.18 16:10:15.481,0.81566,0.81585,1.00,1.00
2017.01.18 16:10:15.990,0.81566,0.81586,1.00,1.00
2017.01.18 16:10:17.546,0.81566,0.81585,1.00,1.00
2017.01.18 16:10:18.911,0.81566,0.81584,1.00,1.00
2017.01.18 16:10:19.456,0.81565,0.81583,1.12,1.00
2017.01.18 16:10:20.014,0.81565,0.81584,1.12,1.00
2017.01.18 16:10:20.398,0.81566,0.81586,2.25,1.00
2017.01.18 16:10:20.550,0.81566,0.81586,1.50,1.37
2017.01.18 16:10:20.701,0.81564,0.81585,1.50,2.25
2017.01.18 16:10:21.226,0.81565,0.81584,1.50,1.87
2017.01.18 16:10:22.145,0.81564,0.81586,1.50,3.00
2017.01.18 16:10:22.815,0.81565,0.81586,1.00,3.00
2017.01.18 16:10:23.348,0.81566,0.81586,1.50,2.25
2017.01.18 16:10:24.407,0.81565,0.81584,1.00,1.12
2017.01.18 16:10:24.989,0.81565,0.81583,1.00,1.00
2017.01.18 16:10:25.490,0.81565,0.81584,1.00,1.12
2017.01.18 16:10:28.738,0.81564,0.81584,2.25,1.12
2017.01.18 16:10:29.295,0.81565,0.81585,3.00,1.50
2017.01.18 16:10:29.858,0.81566,0.81586,1.00,1.75
2017.01.18 16:10:31.767,0.81567,0.81587,1.00,1.75
2017.01.18 16:10:31.919,0.81569,0.81589,1.50,4.12
2017.01.18 16:10:32.071,0.8157,0.8159,2.25,1.75
2017.01.18 16:10:32.172,0.8157,0.8159,2.25,1.12
2017.01.18 16:10:32.623,0.81572,0.81592,1.00,2.25
2017.01.18 16:10:33.874,0.81571,0.81591,1.00,1.37
2017.01.18 16:10:35.292,0.81573,0.81592,1.00,1.50
2017.01.18 16:10:35.494,0.81575,0.81594,1.00,1.50
2017.01.18 16:10:36.011,0.81574,0.81594,1.00,1.50
2017.01.18 16:10:36.113,0.81577,0.81596,1.00,1.75
2017.01.18 16:10:36.402,0.81575,0.81595,3.00,1.00
2017.01.18 16:10:36.898,0.81575,0.81595,1.50,1.75
2017.01.18 16:10:37.214,0.81571,0.8159,1.87,1.00
2017.01.18 16:10:37.265,0.81571,0.81588,1.12,1.00
2017.01.18 16:10:37.771,0.8157,0.81588,1.00,1.00
2017.01.18 16:10:38.274,0.8157,0.81587,1.00,1.00
2017.01.18 16:10:38.625,0.8157,0.81589,1.00,1.50
2017.01.18 16:10:39.174,0.8157,0.81588,1.00,1.00
2017.01.18 16:10:39.941,0.81571,0.81589,1.50,1.00
2017.01.18 16:10:39.992,0.81575,0.81589,1.00,1.00
2017.01.18 16:10:40.093,0.81575,0.81594,1.00,1.12
2017.01.18 16:10:40.939,0.81575,0.81593,1.00,1.50
2017.01.18 16:10:40.990,0.81574,0.81591,1.50,1.00
2017.01.18 16:10:41.041,0.81572,0.8159,1.00,1.00
2017.01.18 16:10:41.192,0.81571,0.81588,1.00,1.00
2017.01.18 16:10:41.243,0.81568,0.81588,1.87,1.00
2017.01.18 16:10:41.593,0.81568,0.81588,2.25,1.37
2017.01.18 16:10:42.866,0.8157,0.81588,1.00,1.75
2017.01.18 16:10:42.917,0.8157,0.81588,1.00,1.00
2017.01.18 16:10:43.041,0.81568,0.81588,1.50,1.00
2017.01.18 16:10:43.871,0.81568,0.81589,1.50,1.12
2017.01.18 16:10:43.921,0.8157,0.81588,1.00,1.00
2017.01.18 16:10:44.356,0.81575,0.81591,1.00,1.75
2017.01.18 16:10:44.559,0.81573,0.81594,1.00,3.37
2017.01.18 16:10:44.610,0.81575,0.81594,1.00,1.50
2017.01.18 16:10:44.862,0.81577,0.81597,1.00,2.25
2017.01.18 16:10:44.913,0.81575,0.81594,1.00,1.37
2017.01.18 16:10:45.588,0.81575,0.81592,1.00,1.12
2017.01.18 16:10:47.115,0.81571,0.81592,1.00,1.87
2017.01.18 16:10:47.316,0.81575,0.81591,1.00,2.25
2017.01.18 16:10:51.218,0.81575,0.81592,1.00,1.12
2017.01.18 16:10:51.761,0.81574,0.81594,1.00,2.25
2017.01.18 16:10:52.903,0.81573,0.81592,1.50,1.12
2017.01.18 16:10:53.435,0.81573,0.8159,1.00,1.00
2017.01.18 16:10:53.788,0.81573,0.81592,1.50,1.87
2017.01.18 16:10:53.956,0.81571,0.81592,1.00,1.87
2017.01.18 16:10:54.715,0.81572,0.81592,1.00,1.12
2017.01.18 16:10:54.817,0.81575,0.81592,1.00,1.12
2017.01.18 16:10:55.019,0.81573,0.81591,1.00,1.00
2017.01.18 16:10:55.444,0.81575,0.81594,1.00,2.25
2017.01.18 16:10:55.847,0.81576,0.81596,1.35,1.12
2017.01.18 16:10:56.132,0.81574,0.81594,2.62,1.00
2017.01.18 16:10:56.664,0.81574,0.81594,1.50,2.25
2017.01.18 16:10:57.211,0.81575,0.81594,1.00,2.25
2017.01.18 16:10:58.029,0.81574,0.81594,1.00,2.25
2017.01.18 16:10:58.331,0.81572,0.81591,1.00,1.37
2017.01.18 16:10:58.736,0.81574,0.81591,1.00,1.37
2017.01.18 16:10:59.299,0.81575,0.81591,1.00,1.37
2017.01.18 16:10:59.451,0.81572,0.81591,1.00,1.37
2017.01.18 16:11:00.178,0.81571,0.81591,1.00,1.87
2017.01.18 16:11:00.625,0.81571,0.81588,1.00,1.00
2017.01.18 16:11:00.676,0.81566,0.81586,2.10,1.00
2017.01.18 16:11:00.727,0.8157,0.81586,1.00,1.00
2017.01.18 16:11:00.980,0.8157,0.81589,1.00,1.50
2017.01.18 16:11:02.129,0.8157,0.81587,1.00,1.00
2017.01.18 16:11:02.230,0.81568,0.81585,1.00,1.00
2017.01.18 16:11:02.382,0.81565,0.81583,1.87,1.00
2017.01.18 16:11:02.836,0.81562,0.81583,1.50,1.12
2017.01.18 16:11:03.434,0.81562,0.81582,2.25,1.00
2017.01.18 16:11:03.862,0.81565,0.81585,1.00,1.75
2017.01.18 16:11:04.165,0.8157,0.81587,1.00,2.25
2017.01.18 16:11:04.355,0.81566,0.81587,1.00,2.25
2017.01.18 16:11:04.977,0.81566,0.81585,1.00,1.00
2017.01.18 16:11:05.222,0.8157,0.81587,1.00,1.50
2017.01.18 16:11:05.273,0.81565,0.81587,1.12,1.87
2017.01.18 16:11:05.324,0.8157,0.81587,1.00,1.37
2017.01.18 16:11:05.627,0.81565,0.81585,1.37,1.00
2017.01.18 16:11:06.250,0.81565,0.81585,1.00,1.12
2017.01.18 16:11:06.888,0.81565,0.81584,1.00,1.00
2017.01.18 16:11:07.259,0.81563,0.81584,1.60,1.37
2017.01.18 16:11:07.360,0.81563,0.81584,1.00,1.12
2017.01.18 16:11:07.891,0.81564,0.81584,1.00,1.12
2017.01.18 16:11:08.395,0.81563,0.81585,1.50,1.00
2017.01.18 16:11:11.098,0.81564,0.81583,1.12,1.00
2017.01.18 16:11:11.300,0.81562,0.81582,1.35,1.00
2017.01.18 16:11:11.503,0.81565,0.81584,1.00,2.25
2017.01.18 16:11:13.278,0.81565,0.81581,1.00,1.00
2017.01.18 16:11:13.379,0.81561,0.81579,1.12,1.00
2017.01.18 16:11:14.042,0.8156,0.81579,1.35,1.00
2017.01.18 16:11:14.549,0.8156,0.81581,1.35,1.50
2017.01.18 16:11:15.078,0.81565,0.81583,1.00,1.75
2017.01.18 16:11:15.129,0.81563,0.81584,1.00,1.75
2017.01.18 16:11:15.280,0.81563,0.81584,1.00,1.50
2017.01.18 16:11:15.331,0.81561,0.81581,1.50,1.00
2017.01.18 16:11:15.808,0.81565,0.81582,1.00,1.50
2017.01.18 16:11:16.060,0.81563,0.81584,1.00,1.50
2017.01.18 16:11:16.495,0.8156,0.8158,3.37,1.00
2017.01.18 16:11:16.816,0.8156,0.8158,1.00,1.75
2017.01.18 16:11:17.763,0.81561,0.81581,1.00,1.75
2017.01.18 16:11:18.269,0.8156,0.81582,1.00,1.75
2017.01.18 16:11:18.508,0.81559,0.81582,2.25,1.00
2017.01.18 16:11:19.121,0.8156,0.81582,1.35,1.50
2017.01.18 16:11:19.535,0.81562,0.81582,1.00,1.00
2017.01.18 16:11:20.075,0.81561,0.81582,1.87,1.00
2017.01.18 16:11:20.900,0.81561,0.81578,1.12,1.00
2017.01.18 16:11:21.101,0.81561,0.8158,1.12,1.00
2017.01.18 16:11:21.359,0.81561,0.81582,1.87,1.00
2017.01.18 16:11:21.412,0.81563,0.81582,1.00,1.00
2017.01.18 16:11:22.376,0.81564,0.81584,1.00,2.25
2017.01.18 16:11:24.108,0.81565,0.81582,1.00,1.00
2017.01.18 16:11:24.411,0.81564,0.8158,1.00,1.00
2017.01.18 16:11:25.105,0.81563,0.8158,1.00,1.12
2017.01.18 16:11:25.708,0.81562,0.8158,1.00,1.12
2017.01.18 16:11:26.454,0.8156,0.8158,1.00,1.12
2017.01.18 16:11:27.131,0.8156,0.81579,1.00,1.00
2017.01.18 16:11:27.829,0.8156,0.81582,1.50,3.00
2017.01.18 16:11:27.930,0.81565,0.81582,1.00,1.50
2017.01.18 16:11:27.986,0.81565,0.81582,1.00,1.12
2017.01.18 16:11:28.139,0.81561,0.81582,1.00,1.00
2017.01.18 16:11:28.190,0.81563,0.81582,1.00,1.00
2017.01.18 16:11:28.758,0.81561,0.81582,1.00,1.00
2017.01.18 16:11:29.012,0.81565,0.81581,1.00,1.00
2017.01.18 16:11:29.216,0.81561,0.81581,1.00,1.00
2017.01.18 16:11:29.712,0.81565,0.81582,1.00,1.50
2017.01.18 16:11:30.262,0.81561,0.8158,1.00,1.00
2017.01.18 16:11:30.538,0.81565,0.81581,1.00,1.00
2017.01.18 16:11:30.995,0.81561,0.81581,1.50,1.00
2017.01.18 16:11:31.644,0.81562,0.81582,1.35,1.00
2017.01.18 16:11:31.895,0.81565,0.81583,1.00,1.87
2017.01.18 16:11:32.047,0.81566,0.81586,1.00,1.12
2017.01.18 16:11:33.522,0.81567,0.81587,1.00,1.50
2017.01.18 16:11:33.573,0.8157,0.81587,1.00,1.50
2017.01.18 16:11:33.830,0.81567,0.81587,1.00,1.50
2017.01.18 16:11:33.931,0.81565,0.81584,2.25,1.00
2017.01.18 16:11:34.183,0.81566,0.81586,1.00,1.87
2017.01.18 16:11:34.234,0.8157,0.81586,1.00,1.87
2017.01.18 16:11:34.839,0.81569,0.81589,1.00,1.12
2017.01.18 16:11:36.768,0.81567,0.81587,1.12,1.00
2017.01.18 16:11:37.396,0.81565,0.81585,1.50,1.00
2017.01.18 16:11:39.466,0.81565,0.81584,1.00,1.00
2017.01.18 16:11:40.070,0.81564,0.81584,1.00,1.00
2017.01.18 16:11:40.574,0.81565,0.81583,1.00,1.00
2017.01.18 16:11:40.625,0.81565,0.81585,1.50,1.00
2017.01.18 16:11:41.158,0.81565,0.81583,1.00,1.00
2017.01.18 16:11:41.496,0.81566,0.81586,1.00,1.50
2017.01.18 16:11:42.008,0.81566,0.81585,1.12,1.00
2017.01.18 16:11:42.575,0.81565,0.81584,1.00,1.00
2017.01.18 16:11:43.869,0.81561,0.81584,2.25,1.00
2017.01.18 16:11:43.922,0.81563,0.81582,1.00,1.00
2017.01.18 16:11:44.223,0.81565,0.81582,1.00,1.00
2017.01.18 16:11:45.416,0.81563,0.81582,1.00,1.00
2017.01.18 16:11:46.185,0.81565,0.81582,1.00,1.00
2017.01.18 16:11:47.115,0.81563,0.81582,1.00,1.00
2017.01.18 16:11:49.422,0.81565,0.81583,1.00,1.00
2017.01.18 16:11:49.624,0.81563,0.81583,1.00,1.00
2017.01.18 16:11:49.977,0.81561,0.8158,1.00,1.00
2017.01.18 16:11:51.508,0.81561,0.81581,1.50,1.00
2017.01.18 16:11:55.040,0.81562,0.81581,1.00,1.00
2017.01.18 16:11:55.572,0.81561,0.81581,1.50,1.00
2017.01.18 16:11:56.239,0.81561,0.81581,2.10,1.00
2017.01.18 16:11:56.289,0.81563,0.81584,1.00,1.00
2017.01.18 16:11:56.340,0.81565,0.81585,1.50,2.25
2017.01.18 16:11:56.729,0.81564,0.81583,1.00,1.00
2017.01.18 16:11:57.563,0.81563,0.81583,1.00,1.00
2017.01.18 16:11:58.735,0.81559,0.8158,2.25,1.00
2017.01.18 16:11:59.037,0.8156,0.81576,1.00,1.00
2017.01.18 16:11:59.487,0.81556,0.81576,1.50,1.00
2017.01.18 16:11:59.816,0.8156,0.81577,1.00,1.00
2017.01.18 16:12:01.787,0.8156,0.81579,1.00,1.50
2017.01.18 16:12:01.939,0.81562,0.81582,1.00,1.75
2017.01.18 16:12:02.141,0.81562,0.81582,1.00,1.00
2017.01.18 16:12:03.502,0.81565,0.81582,1.00,1.00
2017.01.18 16:12:04.098,0.81562,0.81582,1.00,1.00
2017.01.18 16:12:04.249,0.81565,0.81581,1.00,1.00
2017.01.18 16:12:04.788,0.81565,0.81582,1.00,1.00
2017.01.18 16:12:04.839,0.81563,0.81582,1.00,1.00
2017.01.18 16:12:05.342,0.81563,0.81583,1.00,1.12
2017.01.18 16:12:07.739,0.81563,0.81582,1.00,1.00
2017.01.18 16:12:08.075,0.81565,0.81584,1.00,1.50
2017.01.18 16:12:08.126,0.81562,0.81584,1.00,1.50
2017.01.18 16:12:08.937,0.81564,0.81584,1.00,1.50
2017.01.18 16:12:11.389,0.81561,0.81581,1.87,1.00
2017.01.18 16:12:11.641,0.8156,0.81579,1.00,1.00
2017.01.18 16:12:12.181,0.81559,0.81579,1.00,1.50
2017.01.18 16:12:12.530,0.81556,0.81576,1.37,1.00
2017.01.18 16:12:12.594,0.81556,0.81576,1.00,1.00
2017.01.18 16:12:13.102,0.81556,0.81577,1.00,1.12
2017.01.18 16:12:13.152,0.81556,0.81575,1.00,1.00
2017.01.18 16:12:13.724,0.81556,0.81573,1.00,1.00
2017.01.18 16:12:14.229,0.8156,0.81573,1.00,1.00
2017.01.18 16:12:14.366,0.81555,0.81573,1.00,1.00
2017.01.18 16:12:14.897,0.8156,0.81573,1.00,1.00
2017.01.18 16:12:14.948,0.81555,0.81573,1.00,1.00
2017.01.18 16:12:16.499,0.81555,0.81574,1.00,1.12
2017.01.18 16:12:17.121,0.81555,0.81575,1.12,1.00
2017.01.18 16:12:17.423,0.81558,0.81578,1.00,1.50
2017.01.18 16:12:19.425,0.81557,0.81577,1.00,1.12
2017.01.18 16:12:22.589,0.81557,0.81578,1.87,1.00
2017.01.18 16:12:22.896,0.81561,0.8158,1.00,1.12
2017.01.18 16:12:23.206,0.81561,0.81578,1.12,1.00
2017.01.18 16:12:23.256,0.81558,0.81578,1.60,1.12
2017.01.18 16:12:23.968,0.81557,0.81577,2.85,1.00
2017.01.18 16:12:24.019,0.81557,0.81576,1.50,1.00
2017.01.18 16:12:24.322,0.81555,0.81575,1.35,1.12
2017.01.18 16:12:24.423,0.81557,0.81576,1.00,1.50
2017.01.18 16:12:24.928,0.81557,0.81576,1.50,1.00
2017.01.18 16:12:25.231,0.8156,0.8158,1.00,1.75
2017.01.18 16:12:25.382,0.8156,0.8158,1.12,1.00
2017.01.18 16:12:28.463,0.8156,0.81578,1.12,1.00
2017.01.18 16:12:28.658,0.81561,0.81581,1.00,1.50
2017.01.18 16:12:29.159,0.8156,0.81579,1.87,1.00
2017.01.18 16:12:30.634,0.8156,0.81576,1.37,1.00
2017.01.18 16:12:30.887,0.81556,0.81574,2.25,1.00
2017.01.18 16:12:30.938,0.81556,0.81576,2.25,1.00
2017.01.18 16:12:31.039,0.81556,0.81574,2.25,1.00
2017.01.18 16:12:32.084,0.8156,0.81575,1.00,1.00
2017.01.18 16:12:32.134,0.81555,0.81575,1.75,1.00
2017.01.18 16:12:32.769,0.81555,0.81576,2.25,1.00
2017.01.18 16:12:33.064,0.81555,0.81574,1.75,1.00
2017.01.18 16:12:33.165,0.81555,0.81574,1.00,1.00
2017.01.18 16:12:34.886,0.81554,0.81573,1.12,1.00
2017.01.18 16:12:35.711,0.81554,0.81574,2.62,1.00
2017.01.18 16:12:36.255,0.81555,0.81574,1.00,1.00
2017.01.18 16:12:37.199,0.81555,0.81575,1.00,1.00
2017.01.18 16:12:37.250,0.81555,0.81573,1.00,1.00
2017.01.18 16:12:40.039,0.81555,0.81576,1.00,1.87
2017.01.18 16:12:40.140,0.8156,0.81577,1.00,1.50
2017.01.18 16:12:44.292,0.8156,0.81577,1.00,1.00
2017.01.18 16:12:45.225,0.8156,0.81578,1.00,1.00
2017.01.18 16:12:48.162,0.8156,0.81576,1.00,1.00
2017.01.18 16:12:48.314,0.8156,0.81579,1.00,1.87
2017.01.18 16:12:48.516,0.81558,0.81579,1.50,1.12
2017.01.18 16:12:48.668,0.81558,0.81577,1.00,1.00
2017.01.18 16:12:49.197,0.81558,0.81575,1.00,1.00
2017.01.18 16:12:49.298,0.81555,0.81574,1.00,1.00
2017.01.18 16:12:49.349,0.81555,0.81572,1.00,1.00
2017.01.18 16:12:49.400,0.81553,0.81572,1.12,1.00
2017.01.18 16:12:49.551,0.81551,0.81572,2.25,1.00
2017.01.18 16:12:50.186,0.81551,0.81571,2.25,1.00
2017.01.18 16:12:50.448,0.81553,0.81573,1.00,1.12
2017.01.18 16:12:53.731,0.81552,0.81572,1.50,1.00
2017.01.18 16:12:54.237,0.81553,0.81573,1.87,1.00
2017.01.18 16:12:54.551,0.81553,0.81571,1.12,1.00
2017.01.18 16:12:54.816,0.81555,0.81575,1.50,1.87
2017.01.18 16:12:55.830,0.81556,0.81576,1.00,1.50
2017.01.18 16:12:57.602,0.81555,0.81576,1.50,1.50
2017.01.18 16:12:58.161,0.81557,0.81577,1.00,1.75
2017.01.18 16:12:58.312,0.8156,0.8158,1.00,2.25
2017.01.18 16:12:59.022,0.8156,0.81578,1.00,1.00
2017.01.18 16:12:59.526,0.8156,0.81577,1.00,1.00
2017.01.18 16:13:00.388,0.81557,0.81577,2.62,1.00
2017.01.18 16:13:00.590,0.81558,0.81579,1.00,1.87
2017.01.18 16:13:00.641,0.81557,0.81576,1.87,1.00
2017.01.18 16:13:00.944,0.81555,0.8157,1.00,1.00
2017.01.18 16:13:01.045,0.81551,0.8157,1.50,1.00
2017.01.18 16:13:01.146,0.81555,0.81573,1.00,1.50
2017.01.18 16:13:01.247,0.81553,0.81573,1.00,1.50
2017.01.18 16:13:01.348,0.81555,0.8157,1.00,1.00
2017.01.18 16:13:01.803,0.81555,0.81573,1.00,1.00
2017.01.18 16:13:02.109,0.81555,0.81571,1.00,1.00
2017.01.18 16:13:03.035,0.81555,0.81572,1.00,1.00
2017.01.18 16:13:03.152,0.81553,0.81574,1.00,1.00
2017.01.18 16:13:03.253,0.81555,0.81573,1.00,1.00
2017.01.18 16:13:03.304,0.81555,0.81575,1.50,1.12
2017.01.18 16:13:03.957,0.81553,0.81573,1.00,1.00
2017.01.18 16:13:04.626,0.81555,0.81573,1.00,1.50
2017.01.18 16:13:04.727,0.81552,0.81571,1.12,1.00
2017.01.18 16:13:05.295,0.81554,0.81569,1.00,1.00
2017.01.18 16:13:05.968,0.8155,0.81569,1.00,1.00
2017.01.18 16:13:06.239,0.8155,0.81567,1.00,1.00
2017.01.18 16:13:06.941,0.8155,0.81568,1.00,1.00
2017.01.18 16:13:07.344,0.81555,0.81569,1.00,1.00
2017.01.18 16:13:07.885,0.81555,0.8157,1.00,1.00
2017.01.18 16:13:08.461,0.81555,0.81571,1.00,1.12
2017.01.18 16:13:08.974,0.81555,0.81572,1.00,1.00
2017.01.18 16:13:09.337,0.81555,0.8157,1.00,1.00
2017.01.18 16:13:09.931,0.81555,0.81571,1.00,1.00
2017.01.18 16:13:11.415,0.81551,0.81571,1.50,1.00
2017.01.18 16:13:11.860,0.81555,0.81571,1.00,1.00
2017.01.18 16:13:11.961,0.81555,0.81573,1.00,1.00
2017.01.18 16:13:12.011,0.8156,0.81575,1.00,1.50
2017.01.18 16:13:12.062,0.81556,0.81576,1.00,2.25
2017.01.18 16:13:12.113,0.8156,0.81576,1.00,1.00
2017.01.18 16:13:12.163,0.81556,0.81576,1.00,1.00
2017.01.18 16:13:12.315,0.8156,0.81576,1.00,1.00
2017.01.18 16:13:12.552,0.8156,0.81579,1.00,1.50
2017.01.18 16:13:12.818,0.81558,0.81578,1.00,1.00
2017.01.18 16:13:12.919,0.81557,0.81578,1.75,1.00
2017.01.18 16:13:13.020,0.81557,0.81578,1.12,1.00
2017.01.18 16:13:13.459,0.81557,0.81576,1.12,1.00
2017.01.18 16:13:15.558,0.81557,0.81577,1.12,1.00
2017.01.18 16:13:16.348,0.8156,0.81577,1.00,1.00
2017.01.18 16:13:16.891,0.81557,0.81575,1.12,1.00
2017.01.18 16:13:17.855,0.81557,0.81576,1.00,1.00
2017.01.18 16:13:20.537,0.81557,0.81575,1.00,1.00
2017.01.18 16:13:21.088,0.81557,0.81573,1.00,1.00
2017.01.18 16:13:21.139,0.81555,0.81573,1.12,1.00
2017.01.18 16:13:21.715,0.81555,0.81572,1.00,1.00
2017.01.18 16:13:21.877,0.81555,0.81574,1.00,1.50
2017.01.18 16:13:21.927,0.8156,0.81575,1.00,1.12
2017.01.18 16:13:22.230,0.81555,0.81575,3.00,1.00
2017.01.18 16:13:22.865,0.81556,0.81576,1.12,1.00
2017.01.18 16:13:26.573,0.81557,0.81577,1.00,1.50
2017.01.18 16:13:27.678,0.81558,0.81578,1.00,1.12
2017.01.18 16:13:27.893,0.8156,0.81578,1.00,1.12
2017.01.18 16:13:27.944,0.81558,0.81578,1.00,1.12
2017.01.18 16:13:28.625,0.81557,0.81577,1.00,1.00
2017.01.18 16:13:29.227,0.81557,0.81576,1.00,1.00
2017.01.18 16:13:29.777,0.81557,0.81577,1.00,1.00
2017.01.18 16:13:31.085,0.81558,0.81578,1.00,1.12
2017.01.18 16:13:31.742,0.8156,0.81578,1.00,1.12
2017.01.18 16:13:32.339,0.8156,0.81577,1.00,1.00
2017.01.18 16:13:33.678,0.8156,0.81578,1.00,1.12
2017.01.18 16:13:33.779,0.8156,0.8158,1.50,1.00
2017.01.18 16:13:34.809,0.81558,0.8158,1.12,1.00
2017.01.18 16:13:34.915,0.8156,0.8158,1.00,1.00
2017.01.18 16:13:35.998,0.8156,0.81579,1.50,1.00
2017.01.18 16:13:37.331,0.81557,0.81576,1.50,1.00
2017.01.18 16:13:37.640,0.8156,0.81573,1.00,1.00
2017.01.18 16:13:37.691,0.8156,0.81577,1.50,1.00
2017.01.18 16:13:37.742,0.81565,0.8158,1.00,1.00
2017.01.18 16:13:37.943,0.8156,0.81581,1.35,1.50
2017.01.18 16:13:37.994,0.8156,0.81581,2.10,1.50
2017.01.18 16:13:38.320,0.81565,0.81585,1.00,1.50
2017.01.18 16:13:38.684,0.81565,0.81582,1.00,1.00
2017.01.18 16:13:39.203,0.81565,0.81583,1.00,1.50
2017.01.18 16:13:39.254,0.81562,0.81583,1.50,1.50
2017.01.18 16:13:39.663,0.8156,0.81582,2.85,1.00
2017.01.18 16:13:40.418,0.81565,0.81582,1.00,1.50
2017.01.18 16:13:40.952,0.81565,0.81583,1.00,1.50
2017.01.18 16:13:42.694,0.81565,0.81582,1.00,1.00
2017.01.18 16:13:43.318,0.81565,0.81581,1.00,1.00
2017.01.18 16:13:43.369,0.81561,0.81581,1.00,1.00
2017.01.18 16:13:43.868,0.8156,0.81578,1.50,1.00
2017.01.18 16:13:46.554,0.81559,0.81578,1.50,1.00
2017.01.18 16:13:46.867,0.81565,0.81582,1.00,1.00
2017.01.18 16:13:47.219,0.81562,0.81582,1.00,1.00
2017.01.18 16:13:47.844,0.81563,0.81582,1.12,1.50
2017.01.18 16:13:47.895,0.81565,0.81583,1.00,1.50
2017.01.18 16:13:48.198,0.8156,0.81578,1.75,1.50
2017.01.18 16:13:48.752,0.81557,0.81578,1.75,1.00
2017.01.18 16:13:49.025,0.81557,0.81578,1.00,1.00
2017.01.18 16:13:49.076,0.81556,0.81576,1.50,1.00
2017.01.18 16:13:49.379,0.81561,0.81582,1.00,3.37
2017.01.18 16:13:49.530,0.81561,0.81583,1.00,1.00
2017.01.18 16:13:49.867,0.81561,0.81581,1.00,1.00
2017.01.18 16:13:50.173,0.81562,0.81583,1.00,1.00
2017.01.18 16:13:50.715,0.81565,0.81584,1.00,1.00
2017.01.18 16:13:50.866,0.81562,0.81584,1.87,1.50
2017.01.18 16:13:51.276,0.81565,0.81584,1.00,1.50
2017.01.18 16:13:51.579,0.8156,0.8158,1.37,1.50
2017.01.18 16:13:51.806,0.81562,0.81583,1.35,1.50
2017.01.18 16:13:52.247,0.81565,0.81583,1.00,1.50
2017.01.18 16:13:52.865,0.81565,0.81583,1.00,2.25
2017.01.18 16:13:52.967,0.81562,0.81583,1.00,3.00
2017.01.18 16:13:53.018,0.81561,0.81581,1.00,1.50
2017.01.18 16:13:53.375,0.8156,0.81579,1.00,1.50
2017.01.18 16:13:53.934,0.8156,0.8158,1.00,1.00
2017.01.18 16:13:54.397,0.81558,0.81579,1.50,1.00
2017.01.18 16:13:54.946,0.8156,0.8158,1.00,1.00
2017.01.18 16:13:55.156,0.81558,0.81579,1.50,1.00
2017.01.18 16:13:56.040,0.8156,0.81579,1.00,1.50
2017.01.18 16:13:56.314,0.8156,0.81582,2.10,2.25
2017.01.18 16:13:56.760,0.81562,0.81582,1.00,1.50
2017.01.18 16:13:57.267,0.81562,0.81583,1.87,1.50
2017.01.18 16:13:57.782,0.81562,0.81584,1.87,1.87
2017.01.18 16:13:58.327,0.81564,0.81583,1.00,1.00
2017.01.18 16:13:58.454,0.81562,0.81583,1.12,1.00
2017.01.18 16:13:59.226,0.81562,0.81582,1.12,1.00
2017.01.18 16:13:59.403,0.8156,0.8158,1.00,1.00
2017.01.18 16:14:00.334,0.8156,0.81579,1.00,1.00
2017.01.18 16:14:01.458,0.81565,0.81579,1.00,1.00
2017.01.18 16:14:01.559,0.8156,0.81579,2.10,1.00
2017.01.18 16:14:01.660,0.8156,0.81581,2.85,1.50
2017.01.18 16:14:02.342,0.8156,0.8158,2.10,1.00
2017.01.18 16:14:02.875,0.8156,0.8158,1.50,1.00
2017.01.18 16:14:03.522,0.81565,0.81582,1.00,1.50
2017.01.18 16:14:03.573,0.81562,0.81582,1.60,1.50
2017.01.18 16:14:03.882,0.81564,0.81586,1.00,1.75
2017.01.18 16:14:04.545,0.81565,0.81586,1.00,1.75
2017.01.18 16:14:05.387,0.81565,0.81583,1.00,1.00
2017.01.18 16:14:05.999,0.81565,0.81582,1.00,1.00
2017.01.18 16:14:06.541,0.81565,0.81583,1.00,1.50
2017.01.18 16:14:07.569,0.81562,0.81583,1.12,1.50
2017.01.18 16:14:07.720,0.81565,0.81583,1.00,1.50
2017.01.18 16:14:08.069,0.8156,0.81579,2.25,1.00
2017.01.18 16:14:08.170,0.8156,0.81578,1.50,1.00
2017.01.18 16:14:08.863,0.81557,0.81577,1.00,1.00
2017.01.18 16:14:08.914,0.81557,0.81575,1.00,1.00
2017.01.18 16:14:09.186,0.81555,0.81575,1.00,1.50
2017.01.18 16:14:09.698,0.81556,0.81577,1.00,2.25
2017.01.18 16:14:10.249,0.81555,0.81576,1.50,1.12
2017.01.18 16:14:10.676,0.8156,0.81577,1.00,1.50
2017.01.18 16:14:10.727,0.81558,0.81577,1.00,1.50
2017.01.18 16:14:10.828,0.8156,0.81579,1.00,2.25
2017.01.18 16:14:11.011,0.81558,0.81579,1.00,2.25
2017.01.18 16:14:11.333,0.81556,0.81577,1.00,1.50
2017.01.18 16:14:11.435,0.81558,0.81577,1.00,1.50
2017.01.18 16:14:11.999,0.81559,0.81578,1.00,1.75
2017.01.18 16:14:12.510,0.81559,0.81579,1.00,1.50
2017.01.18 16:14:13.145,0.81559,0.81579,1.00,1.87
2017.01.18 16:14:13.676,0.8156,0.81578,1.00,1.50
2017.01.18 16:14:14.119,0.81558,0.81578,1.00,1.00
2017.01.18 16:14:14.169,0.8156,0.81578,1.00,1.00
2017.01.18 16:14:14.566,0.8156,0.8158,1.00,1.87
2017.01.18 16:14:14.880,0.81558,0.81579,1.00,1.00
2017.01.18 16:14:15.011,0.8156,0.81579,1.00,1.00
2017.01.18 16:14:16.782,0.8156,0.81578,1.00,1.00
2017.01.18 16:14:16.832,0.81556,0.81576,1.87,1.00
2017.01.18 16:14:16.933,0.81562,0.81578,1.00,1.75
2017.01.18 16:14:17.099,0.81562,0.8158,1.00,1.50
2017.01.18 16:14:17.200,0.81565,0.81581,1.00,1.75
2017.01.18 16:14:17.302,0.81565,0.81583,1.00,1.12
2017.01.18 16:14:17.847,0.81565,0.81582,1.00,1.00
2017.01.18 16:14:18.487,0.81561,0.81581,1.72,1.00
2017.01.18 16:14:19.308,0.81562,0.81582,1.00,1.00
2017.01.18 16:14:22.527,0.81563,0.81583,1.00,1.12
2017.01.18 16:14:22.577,0.81565,0.81584,1.00,2.25
2017.01.18 16:14:23.117,0.81565,0.81584,1.00,1.00
2017.01.18 16:14:25.006,0.81565,0.81584,2.10,1.00
2017.01.18 16:14:25.719,0.81565,0.81584,1.00,1.00
2017.01.18 16:14:26.233,0.81565,0.81585,1.50,1.00
2017.01.18 16:14:27.156,0.81564,0.81584,1.87,1.00
2017.01.18 16:14:27.817,0.81565,0.81585,1.00,1.00
2017.01.18 16:14:31.915,0.81564,0.81581,1.12,1.00
2017.01.18 16:14:32.756,0.81565,0.81581,1.00,1.00
2017.01.18 16:14:33.417,0.81565,0.81582,1.00,1.87
2017.01.18 16:14:33.837,0.81565,0.8158,1.00,1.00
2017.01.18 16:14:36.286,0.81565,0.81578,1.00,1.00
2017.01.18 16:14:36.337,0.8156,0.81578,1.12,1.00
2017.01.18 16:14:37.248,0.8156,0.81577,1.12,1.00
2017.01.18 16:14:38.036,0.81559,0.81579,1.50,1.00
2017.01.18 16:14:38.768,0.8156,0.8158,1.12,1.00
2017.01.18 16:14:38.818,0.8156,0.81576,1.12,1.00
2017.01.18 16:14:39.447,0.81555,0.81573,2.25,1.00
2017.01.18 16:14:39.549,0.8156,0.81574,1.00,1.00
2017.01.18 16:14:39.977,0.81555,0.81572,1.00,1.00
2017.01.18 16:14:40.078,0.81551,0.8157,1.75,1.00
2017.01.18 16:14:40.229,0.81555,0.81572,1.00,1.50
2017.01.18 16:14:41.107,0.81555,0.81571,1.00,1.00
2017.01.18 16:14:41.638,0.81555,0.81572,1.00,1.00
2017.01.18 16:14:42.627,0.81555,0.81574,1.00,1.87
2017.01.18 16:14:42.678,0.8156,0.81573,1.00,1.12
2017.01.18 16:14:42.729,0.8156,0.81576,1.00,1.50
2017.01.18 16:14:44.001,0.81555,0.81574,1.50,1.00
2017.01.18 16:14:44.120,0.81555,0.81572,1.00,1.00
2017.01.18 16:14:45.120,0.81555,0.81573,1.00,1.50
2017.01.18 16:14:46.021,0.81555,0.81572,1.00,1.00
2017.01.18 16:14:46.278,0.81559,0.81577,1.00,2.25
2017.01.18 16:14:46.827,0.81558,0.81577,1.00,1.00
2017.01.18 16:14:48.036,0.8156,0.81577,1.00,1.00
2017.01.18 16:14:48.288,0.81557,0.81576,1.00,2.25
2017.01.18 16:14:48.611,0.81555,0.81574,3.00,1.00
2017.01.18 16:14:48.942,0.81555,0.81572,1.00,1.00
2017.01.18 16:14:49.470,0.81555,0.81571,1.00,1.00
2017.01.18 16:14:49.840,0.8156,0.8157,1.00,1.00
2017.01.18 16:14:49.991,0.81555,0.8157,1.00,1.00
2017.01.18 16:14:50.842,0.81554,0.81573,2.10,1.50
2017.01.18 16:14:51.044,0.81556,0.81577,2.47,1.00
2017.01.18 16:14:51.101,0.8156,0.81579,1.00,1.12
2017.01.18 16:14:51.819,0.81556,0.81579,1.72,1.12
2017.01.18 16:14:51.870,0.81558,0.81577,1.00,1.00
2017.01.18 16:14:52.472,0.81555,0.81574,1.50,1.00
2017.01.18 16:14:52.775,0.8156,0.81576,1.00,1.00
2017.01.18 16:14:52.876,0.8156,0.81578,1.00,1.00
2017.01.18 16:14:53.381,0.81556,0.81578,3.00,1.00
2017.01.18 16:14:53.920,0.8156,0.81579,1.00,1.50
2017.01.18 16:14:54.430,0.8156,0.8158,1.50,1.00
2017.01.18 16:14:55.030,0.8156,0.81583,1.50,1.75
2017.01.18 16:14:55.397,0.81562,0.81581,1.00,1.12
2017.01.18 16:14:55.926,0.8156,0.8158,1.00,1.00
2017.01.18 16:14:56.496,0.81561,0.81582,1.00,2.25
2017.01.18 16:14:56.686,0.81556,0.81577,2.25,1.00
2017.01.18 16:14:56.787,0.81556,0.81577,1.50,1.50
2017.01.18 16:14:56.838,0.8156,0.81577,1.00,2.25
2017.01.18 16:14:57.553,0.81557,0.81577,1.00,1.50
2017.01.18 16:14:57.705,0.81558,0.8158,1.00,2.25
2017.01.18 16:14:58.697,0.81557,0.81578,1.87,1.00
2017.01.18 16:14:58.919,0.8156,0.81578,1.00,1.00
2017.01.18 16:14:58.970,0.81557,0.81578,1.87,1.00
2017.01.18 16:14:59.020,0.81556,0.81576,1.50,1.00
2017.01.18 16:14:59.368,0.81559,0.81579,1.50,1.87
2017.01.18 16:14:59.898,0.81559,0.81579,1.50,1.00
2017.01.18 16:15:00.150,0.81557,0.81578,1.12,1.00
2017.01.18 16:15:00.591,0.8156,0.81579,1.00,1.12
2017.01.18 16:15:01.555,0.81561,0.81581,1.00,1.00
2017.01.18 16:15:01.656,0.81565,0.81582,1.00,1.12
2017.01.18 16:15:01.984,0.81565,0.81584,1.00,1.00
2017.01.18 16:15:02.508,0.81565,0.81583,1.00,1.00
2017.01.18 16:15:02.625,0.81565,0.81581,1.00,1.00
2017.01.18 16:15:02.987,0.81561,0.8158,1.50,1.00
2017.01.18 16:15:03.358,0.8156,0.81579,1.00,1.00
2017.01.18 16:15:03.863,0.8156,0.8158,1.50,1.00
2017.01.18 16:15:04.014,0.8156,0.81577,1.00,1.00
2017.01.18 16:15:04.166,0.81557,0.81577,1.00,1.12
2017.01.18 16:15:04.385,0.81559,0.81577,1.00,1.12
2017.01.18 16:15:06.763,0.81557,0.81577,1.00,1.12
2017.01.18 16:15:06.814,0.8156,0.81576,1.00,1.00
2017.01.18 16:15:08.283,0.81559,0.81576,1.00,1.00
2017.01.18 16:15:08.941,0.8156,0.81576,1.00,1.00
2017.01.18 16:15:09.509,0.8156,0.81581,1.50,2.25
2017.01.18 16:15:09.870,0.81554,0.81574,2.25,1.00
2017.01.18 16:15:10.420,0.81555,0.81573,1.12,1.50
2017.01.18 16:15:10.521,0.81555,0.81575,1.12,1.50
2017.01.18 16:15:10.754,0.81556,0.81577,1.00,1.00
2017.01.18 16:15:11.195,0.81555,0.81575,1.00,1.00
2017.01.18 16:15:11.727,0.81555,0.81573,1.00,1.00
2017.01.18 16:15:12.871,0.81555,0.81574,1.00,1.00
2017.01.18 16:15:13.928,0.8156,0.81574,1.00,1.00
2017.01.18 16:15:14.173,0.8156,0.81577,1.00,1.00
2017.01.18 16:15:14.577,0.81557,0.81577,1.00,1.50
2017.01.18 16:15:14.824,0.8156,0.81575,1.00,1.00
2017.01.18 16:15:15.793,0.8156,0.81576,1.00,1.00
2017.01.18 16:15:15.844,0.81555,0.81576,2.25,1.00
2017.01.18 16:15:16.283,0.8156,0.81576,1.00,1.00
2017.01.18 16:15:16.858,0.8156,0.81577,1.00,1.00
2017.01.18 16:15:17.025,0.81555,0.81575,1.50,1.00
2017.01.18 16:15:17.075,0.8156,0.81575,1.00,1.00
2017.01.18 16:15:17.378,0.81565,0.81579,1.00,2.62
2017.01.18 16:15:17.479,0.81565,0.81586,1.00,1.50
2017.01.18 16:15:17.580,0.8157,0.81585,1.00,1.00
2017.01.18 16:15:17.631,0.8157,0.81587,1.00,1.50
2017.01.18 16:15:18.257,0.8157,0.81588,1.00,1.50
2017.01.18 16:15:18.812,0.81565,0.81588,1.50,1.50
2017.01.18 16:15:19.313,0.81565,0.81587,1.00,1.00
2017.01.18 16:15:20.082,0.81565,0.81586,1.00,1.50
2017.01.18 16:15:20.617,0.81564,0.81586,1.50,1.50
2017.01.18 16:15:21.223,0.81565,0.81584,1.00,1.00
2017.01.18 16:15:21.911,0.81562,0.81584,1.00,1.00
2017.01.18 16:15:22.439,0.81565,0.81584,1.00,1.00
2017.01.18 16:15:22.826,0.81563,0.81584,1.00,1.12
2017.01.18 16:15:23.190,0.81565,0.81584,1.00,1.12
2017.01.18 16:15:23.579,0.81562,0.81583,1.00,1.00
2017.01.18 16:15:23.783,0.81559,0.8158,3.75,1.00
2017.01.18 16:15:24.086,0.81565,0.81581,1.00,1.00
2017.01.18 16:15:24.241,0.81565,0.81583,1.00,1.50
2017.01.18 16:15:24.807,0.81565,0.81584,1.00,1.00
2017.01.18 16:15:25.384,0.81565,0.81585,1.00,1.00
2017.01.18 16:15:27.095,0.81565,0.81584,1.00,1.00
2017.01.18 16:15:27.756,0.81565,0.81583,1.00,1.00
2017.01.18 16:15:28.261,0.81565,0.81584,1.50,1.00
2017.01.18 16:15:28.759,0.81565,0.81586,1.50,1.87
2017.01.18 16:15:29.167,0.81564,0.81583,1.12,1.00
2017.01.18 16:15:29.468,0.8156,0.81579,1.12,1.00
2017.01.18 16:15:29.782,0.81557,0.8158,1.87,3.00
2017.01.18 16:15:29.843,0.8156,0.8158,1.00,2.25
2017.01.18 16:15:30.146,0.81562,0.81582,1.00,1.00
2017.01.18 16:15:30.196,0.81561,0.8158,1.00,1.00
2017.01.18 16:15:30.470,0.81561,0.81582,1.00,1.50
2017.01.18 16:15:30.990,0.8156,0.8158,1.12,1.00
2017.01.18 16:15:31.926,0.81559,0.81579,1.00,1.00
2017.01.18 16:15:32.128,0.81556,0.81577,1.00,1.12
2017.01.18 16:15:32.598,0.8156,0.81577,1.00,1.87
2017.01.18 16:15:32.699,0.81556,0.81577,1.00,1.12
2017.01.18 16:15:33.616,0.81555,0.81576,1.50,1.00
2017.01.18 16:15:33.919,0.81555,0.81573,1.00,1.00
2017.01.18 16:15:34.830,0.81555,0.81574,1.00,1.00
2017.01.18 16:15:34.984,0.81555,0.81576,1.00,1.50
2017.01.18 16:15:35.034,0.81555,0.81574,1.00,1.00
2017.01.18 16:15:35.339,0.81555,0.81572,1.00,1.00
2017.01.18 16:15:35.491,0.81555,0.81574,1.00,1.50
2017.01.18 16:15:36.044,0.81555,0.81573,1.00,1.00
2017.01.18 16:15:36.630,0.81555,0.81572,1.00,1.00
2017.01.18 16:15:38.078,0.81555,0.81571,1.00,1.00
2017.01.18 16:15:38.614,0.81555,0.81573,1.00,1.12
2017.01.18 16:15:38.664,0.81551,0.8157,1.72,1.00
2017.01.18 16:15:38.765,0.81553,0.81572,1.00,1.00
2017.01.18 16:15:38.917,0.81555,0.81572,1.00,1.00
2017.01.18 16:15:39.358,0.81556,0.81576,1.00,1.50
2017.01.18 16:15:39.614,0.81554,0.81574,1.00,1.00
2017.01.18 16:15:40.246,0.81554,0.81573,1.00,1.00
2017.01.18 16:15:40.535,0.81555,0.81575,1.00,1.00
2017.01.18 16:15:40.896,0.81556,0.81577,1.00,1.00
2017.01.18 16:15:41.101,0.8156,0.81578,1.00,1.00
2017.01.18 16:15:41.302,0.8156,0.81582,1.00,3.00
2017.01.18 16:15:41.353,0.81557,0.81579,1.50,1.00
2017.01.18 16:15:41.656,0.81555,0.81577,1.50,1.00
2017.01.18 16:15:41.958,0.81554,0.81574,1.00,1.00
2017.01.18 16:15:42.073,0.81552,0.81574,1.00,1.50
2017.01.18 16:15:42.175,0.81555,0.81575,1.00,1.50
2017.01.18 16:15:42.478,0.81556,0.81578,1.00,1.50
2017.01.18 16:15:42.857,0.81555,0.81576,1.00,1.00
2017.01.18 16:15:43.367,0.81556,0.81577,1.00,1.00
2017.01.18 16:15:43.741,0.81558,0.81578,1.00,1.00
2017.01.18 16:15:43.859,0.81556,0.81578,1.00,1.50
2017.01.18 16:15:43.960,0.81555,0.81576,1.00,1.00
2017.01.18 16:15:44.725,0.81555,0.81577,1.00,1.50
2017.01.18 16:15:45.060,0.81552,0.81574,1.00,1.00
2017.01.18 16:15:45.363,0.81555,0.81575,1.00,2.25
2017.01.18 16:15:45.514,0.81555,0.81577,1.00,1.50
2017.01.18 16:15:46.073,0.81557,0.81577,1.00,1.50
2017.01.18 16:15:46.376,0.81559,0.81579,1.00,1.00
2017.01.18 16:15:46.925,0.81559,0.81581,1.00,2.25
2017.01.18 16:15:47.430,0.81558,0.8158,1.00,1.12
2017.01.18 16:15:47.970,0.81559,0.8158,1.00,1.12
2017.01.18 16:15:48.481,0.81558,0.81579,1.00,1.00
2017.01.18 16:15:48.794,0.8156,0.8158,1.00,1.12
2017.01.18 16:15:50.033,0.81559,0.8158,1.00,1.12
2017.01.18 16:15:50.555,0.8156,0.8158,1.00,1.12
2017.01.18 16:15:50.901,0.81558,0.8158,1.00,1.87
2017.01.18 16:15:50.951,0.8156,0.8158,1.00,1.87
2017.01.18 16:15:51.483,0.81561,0.81583,1.00,1.12
2017.01.18 16:15:51.769,0.81565,0.81584,1.00,2.25
2017.01.18 16:15:52.107,0.81562,0.81584,1.00,1.50
2017.01.18 16:15:52.720,0.81563,0.81585,1.00,2.25
2017.01.18 16:15:53.293,0.81564,0.81585,1.00,1.75
2017.01.18 16:15:53.713,0.81566,0.81588,1.00,4.87
2017.01.18 16:15:53.864,0.81566,0.81588,1.00,2.25
2017.01.18 16:15:53.965,0.81564,0.81587,1.87,1.50
2017.01.18 16:15:54.623,0.81565,0.81585,1.00,1.00
2017.01.18 16:15:54.976,0.81565,0.81584,1.00,1.50
2017.01.18 16:15:55.328,0.81565,0.81585,1.00,1.00
2017.01.18 16:15:55.784,0.81563,0.81584,1.00,1.12
2017.01.18 16:15:56.015,0.81561,0.81581,1.50,1.00
2017.01.18 16:15:56.594,0.81561,0.8158,1.00,1.00
2017.01.18 16:15:57.096,0.8156,0.81581,1.00,1.00
2017.01.18 16:15:57.633,0.81561,0.81582,1.00,1.12
2017.01.18 16:15:58.163,0.81561,0.81581,1.00,1.00
2017.01.18 16:15:58.685,0.81562,0.81581,1.00,1.00
2017.01.18 16:16:00.647,0.81562,0.81583,1.00,2.25
2017.01.18 16:16:01.193,0.81561,0.81582,1.00,2.62
2017.01.18 16:16:01.702,0.81562,0.81582,1.00,1.12
2017.01.18 16:16:02.140,0.81557,0.81579,1.75,1.50
2017.01.18 16:16:02.442,0.81557,0.81577,1.75,1.50
2017.01.18 16:16:03.043,0.81555,0.81575,1.75,1.00
2017.01.18 16:16:03.447,0.81554,0.81573,2.62,1.00
2017.01.18 16:16:03.598,0.8155,0.81572,1.00,1.00
2017.01.18 16:16:03.699,0.81555,0.81574,1.00,1.00
2017.01.18 16:16:03.901,0.8155,0.81573,1.50,1.00
2017.01.18 16:16:03.951,0.8155,0.8157,1.00,1.00
2017.01.18 16:16:04.270,0.81555,0.81572,1.00,1.00
2017.01.18 16:16:04.635,0.81555,0.81574,1.00,1.50
2017.01.18 16:16:04.938,0.81551,0.81573,1.00,1.00
2017.01.18 16:16:04.989,0.81555,0.81573,1.00,1.00
2017.01.18 16:16:05.090,0.81555,0.81575,1.00,1.00
2017.01.18 16:16:05.515,0.81552,0.81575,1.00,1.00
2017.01.18 16:16:06.027,0.81552,0.81576,1.00,1.00
2017.01.18 16:16:06.922,0.81553,0.81576,1.00,1.00
2017.01.18 16:16:07.247,0.81555,0.81577,1.00,1.75
2017.01.18 16:16:07.914,0.81553,0.81575,2.62,1.12
2017.01.18 16:16:08.065,0.81555,0.81575,1.00,1.12
2017.01.18 16:16:08.809,0.81552,0.81575,1.00,1.00
2017.01.18 16:16:09.017,0.81555,0.81577,1.00,1.50
2017.01.18 16:16:09.543,0.81555,0.81576,1.00,1.00
2017.01.18 16:16:09.761,0.81552,0.81576,1.00,1.00
2017.01.18 16:16:10.008,0.81555,0.81575,1.00,1.00
2017.01.18 16:16:10.644,0.81555,0.81574,1.00,1.00
2017.01.18 16:16:10.939,0.81555,0.81577,1.00,1.50
2017.01.18 16:16:11.464,0.81556,0.81578,1.00,1.00
2017.01.18 16:16:11.721,0.81553,0.81576,1.50,1.00
2017.01.18 16:16:12.226,0.81554,0.81574,1.00,1.00
2017.01.18 16:16:12.737,0.81555,0.81574,1.00,1.00
2017.01.18 16:16:13.093,0.81555,0.81576,1.00,1.50
2017.01.18 16:16:13.653,0.81555,0.81575,1.00,1.00
2017.01.18 16:16:14.146,0.8156,0.81575,1.00,1.00
2017.01.18 16:16:14.197,0.8156,0.81578,1.00,1.50
2017.01.18 16:16:14.567,0.81558,0.81578,1.00,1.50
2017.01.18 16:16:14.618,0.81555,0.81578,2.25,1.50
2017.01.18 16:16:14.971,0.81555,0.81576,1.50,1.00
2017.01.18 16:16:15.223,0.81553,0.81575,1.00,1.00
2017.01.18 16:16:15.779,0.81553,0.81574,1.00,1.00
2017.01.18 16:16:15.830,0.81555,0.81574,1.00,1.00
2017.01.18 16:16:16.032,0.81552,0.81574,1.50,1.50
2017.01.18 16:16:16.082,0.81554,0.81574,1.00,1.00
2017.01.18 16:16:16.453,0.81552,0.81574,1.50,1.00
2017.01.18 16:16:17.052,0.81554,0.81575,1.00,1.00
2017.01.18 16:16:17.602,0.81555,0.81575,1.00,1.00
2017.01.18 16:16:17.804,0.81553,0.81575,1.12,1.87
2017.01.18 16:16:17.955,0.81552,0.81573,1.50,1.00
2017.01.18 16:16:18.477,0.81552,0.81572,1.00,1.00
2017.01.18 16:16:18.785,0.8155,0.81572,1.00,1.00
2017.01.18 16:16:19.293,0.81549,0.81572,1.00,1.00
2017.01.18 16:16:19.575,0.81553,0.81573,1.00,1.50
2017.01.18 16:16:19.955,0.8155,0.81571,1.50,1.50
2017.01.18 16:16:20.157,0.81548,0.81569,1.87,1.00
2017.01.18 16:16:20.460,0.8155,0.81569,1.00,1.00
