2014.12.16 05:00:16.154,0.90904,0.90936,1.07,1.17
2014.12.16 05:00:16.205,0.90904,0.90936,1.00,1.15
2014.12.16 05:00:18.566,0.90905,0.90936,1.00,1.15
2014.12.16 05:00:18.768,0.90907,0.90937,1.00,2.32
2014.12.16 05:00:18.818,0.90907,0.90938,1.80,1.15
2014.12.16 05:00:19.222,0.90909,0.9094,1.00,1.15
2014.12.16 05:00:19.625,0.9091,0.90941,1.10,1.15
2014.12.16 05:00:20.288,0.90911,0.90941,1.00,1.15
2014.12.16 05:00:23.249,0.90912,0.90943,1.00,1.15
2014.12.16 05:00:24.021,0.90911,0.90941,1.00,3.07
2014.12.16 05:00:24.325,0.90907,0.90937,1.00,2.70
2014.12.16 05:00:24.627,0.90904,0.90933,1.00,2.32
2014.12.16 05:00:24.830,0.90899,0.90932,1.72,1.15
2014.12.16 05:00:26.922,0.90901,0.90931,1.00,1.15
2014.12.16 05:00:27.023,0.90899,0.90931,1.00,1.15
2014.12.16 05:00:27.125,0.90899,0.90929,1.00,2.32
2014.12.16 05:00:27.327,0.90895,0.90925,1.50,1.15
2014.12.16 05:00:32.172,0.90894,0.90924,1.10,1.17
2014.12.16 05:00:32.374,0.90895,0.90925,1.00,1.15
2014.12.16 05:00:32.683,0.90895,0.90925,1.00,3.07
2014.12.16 05:00:35.946,0.90896,0.90926,1.00,1.15
2014.12.16 05:00:37.683,0.90895,0.90925,1.57,1.15
2014.12.16 05:00:38.187,0.90895,0.90924,1.00,1.15
2014.12.16 05:00:38.631,0.9089,0.9092,1.87,1.10
2014.12.16 05:00:38.682,0.90893,0.90923,1.00,1.87
2014.12.16 05:00:38.985,0.90896,0.90926,1.00,1.15
2014.12.16 05:00:39.238,0.90896,0.90926,1.15,1.00
2014.12.16 05:00:39.749,0.90899,0.90931,1.00,1.15
2014.12.16 05:00:40.058,0.90899,0.90931,1.15,1.10
2014.12.16 05:00:41.070,0.90903,0.90933,1.00,1.15
2014.12.16 05:00:44.633,0.90905,0.90937,1.50,4.05
2014.12.16 05:00:44.734,0.90905,0.90937,1.65,1.87
2014.12.16 05:00:44.834,0.9091,0.90937,1.00,1.45
2014.12.16 05:00:44.936,0.9091,0.90938,1.50,1.30
2014.12.16 05:00:44.987,0.9091,0.9094,1.50,1.80
2014.12.16 05:00:45.497,0.90911,0.9094,1.00,1.05
2014.12.16 05:00:50.229,0.90911,0.90939,1.00,1.30
2014.12.16 05:00:51.111,0.90911,0.9094,1.00,1.05
2014.12.16 05:00:52.289,0.90911,0.90939,1.30,1.00
2014.12.16 05:00:52.391,0.90912,0.90939,1.30,1.07
2014.12.16 05:00:52.442,0.90909,0.90937,1.10,1.10
2014.12.16 05:00:52.493,0.90909,0.90937,1.00,1.17
2014.12.16 05:00:52.544,0.90906,0.90936,1.80,1.37
2014.12.16 05:00:52.645,0.90908,0.90936,1.00,1.37
2014.12.16 05:00:52.998,0.9091,0.90938,1.30,1.15
2014.12.16 05:00:53.553,0.90911,0.90938,1.30,1.15
2014.12.16 05:00:54.480,0.90911,0.90938,1.30,1.00
2014.12.16 05:00:55.279,0.90911,0.90939,1.30,1.00
2014.12.16 05:00:55.791,0.9091,0.90939,1.00,1.30
2014.12.16 05:00:57.160,0.9091,0.90938,1.00,1.30
2014.12.16 05:00:57.663,0.9091,0.90939,1.00,1.72
2014.12.16 05:00:57.937,0.90912,0.9094,1.30,1.20
2014.12.16 05:00:58.240,0.90916,0.9094,1.30,1.00
2014.12.16 05:00:58.391,0.90917,0.90946,1.00,1.17
2014.12.16 05:00:58.492,0.9092,0.9095,1.72,1.15
2014.12.16 05:00:58.594,0.90921,0.90951,1.15,1.10
2014.12.16 05:01:00.303,0.90922,0.90952,1.00,1.15
2014.12.16 05:01:00.454,0.9092,0.9095,1.00,1.15
2014.12.16 05:01:00.965,0.90919,0.90949,1.10,1.17
2014.12.16 05:01:02.964,0.90918,0.90948,1.10,1.07
2014.12.16 05:01:09.707,0.90919,0.90949,1.00,1.15
2014.12.16 05:01:09.808,0.90919,0.90949,1.10,1.17
2014.12.16 05:01:10.009,0.90922,0.90952,1.00,1.15
2014.12.16 05:01:10.110,0.9092,0.9095,1.00,1.15
2014.12.16 05:01:10.639,0.90921,0.9095,1.30,1.15
2014.12.16 05:01:10.689,0.90923,0.90952,1.00,1.45
2014.12.16 05:01:10.999,0.90925,0.90952,1.00,1.45
2014.12.16 05:01:11.151,0.90921,0.90951,1.72,1.87
2014.12.16 05:01:11.655,0.9092,0.9095,1.00,1.45
2014.12.16 05:01:16.231,0.90922,0.90952,1.30,2.62
2014.12.16 05:01:16.332,0.90923,0.90953,1.80,1.87
2014.12.16 05:01:16.382,0.90925,0.90953,1.10,1.45
2014.12.16 05:01:16.685,0.9093,0.90955,1.00,1.15
2014.12.16 05:01:17.091,0.90928,0.90956,1.30,1.15
2014.12.16 05:01:17.242,0.90927,0.90956,1.15,1.15
2014.12.16 05:01:17.293,0.90925,0.90955,1.15,1.17
2014.12.16 05:01:17.344,0.90925,0.90955,1.17,1.15
2014.12.16 05:01:19.810,0.90925,0.90955,1.17,1.15
2014.12.16 05:01:19.860,0.90925,0.90955,1.15,1.15
2014.12.16 05:01:26.049,0.90923,0.90953,1.15,1.07
2014.12.16 05:01:26.100,0.90923,0.90953,1.15,1.15
2014.12.16 05:01:26.649,0.90919,0.90949,1.15,1.07
2014.12.16 05:01:26.699,0.90919,0.90949,1.17,1.15
2014.12.16 05:01:27.217,0.90916,0.90946,1.15,1.17
2014.12.16 05:01:27.268,0.90916,0.90946,1.17,1.15
2014.12.16 05:01:47.275,0.90915,0.90945,1.65,1.15
2014.12.16 05:01:50.270,0.90916,0.90946,1.07,1.15
2014.12.16 05:01:50.321,0.90916,0.90946,1.15,1.15
2014.12.16 05:01:50.573,0.90915,0.90944,2.62,1.07
2014.12.16 05:01:51.765,0.90919,0.90945,1.30,1.15
2014.12.16 05:01:53.297,0.90922,0.90946,1.30,1.15
2014.12.16 05:01:53.499,0.90921,0.90949,1.12,1.15
2014.12.16 05:01:55.671,0.90921,0.90951,1.12,1.15
2014.12.16 05:01:55.722,0.90921,0.90951,1.45,1.17
2014.12.16 05:02:01.670,0.9092,0.9095,1.45,1.80
2014.12.16 05:02:01.721,0.9092,0.9095,1.45,1.87
2014.12.16 05:02:03.664,0.9092,0.90949,1.37,1.15
2014.12.16 05:02:04.189,0.9092,0.90949,1.30,1.15
2014.12.16 05:02:04.849,0.90919,0.90949,1.80,1.87
2014.12.16 05:02:05.887,0.90925,0.90948,1.00,1.15
2014.12.16 05:02:06.630,0.90921,0.90949,1.30,1.15
2014.12.16 05:02:06.731,0.90919,0.90948,1.05,1.15
2014.12.16 05:02:08.057,0.90925,0.90948,1.00,1.15
2014.12.16 05:02:08.410,0.90921,0.90949,1.30,1.15
2014.12.16 05:02:08.611,0.90925,0.90948,1.00,1.15
2014.12.16 05:02:09.712,0.9092,0.90948,1.00,1.45
2014.12.16 05:02:09.813,0.90917,0.90946,1.37,1.15
2014.12.16 05:02:09.914,0.90916,0.90946,1.10,1.87
2014.12.16 05:02:10.116,0.90912,0.90942,1.15,1.17
2014.12.16 05:02:10.166,0.90912,0.90942,1.17,1.15
2014.12.16 05:02:14.384,0.90911,0.90941,1.45,1.17
2014.12.16 05:02:14.485,0.90914,0.90943,1.15,1.15
2014.12.16 05:02:16.409,0.90911,0.90941,1.45,1.07
2014.12.16 05:02:16.510,0.9091,0.90941,2.62,1.15
2014.12.16 05:02:22.887,0.9091,0.90939,1.07,1.45
2014.12.16 05:02:22.938,0.9091,0.90938,1.00,1.15
2014.12.16 05:02:23.039,0.90906,0.90936,1.45,1.15
2014.12.16 05:02:23.090,0.90905,0.90936,1.57,1.87
2014.12.16 05:02:23.140,0.90905,0.90936,1.10,4.05
2014.12.16 05:02:43.462,0.90905,0.90932,1.00,1.15
2014.12.16 05:02:53.737,0.90905,0.90928,1.00,1.07
2014.12.16 05:02:54.040,0.90897,0.90928,1.15,1.15
2014.12.16 05:02:54.544,0.90895,0.90925,3.82,1.00
2014.12.16 05:02:56.236,0.90895,0.90925,3.82,1.07
2014.12.16 05:02:56.287,0.90895,0.90925,1.65,1.15
2014.12.16 05:03:04.958,0.90895,0.90925,2.62,1.07
2014.12.16 05:03:05.098,0.90895,0.90925,4.80,1.00
2014.12.16 05:03:07.940,0.90895,0.90925,4.80,1.07
2014.12.16 05:03:07.991,0.90895,0.90925,1.65,1.15
2014.12.16 05:03:08.418,0.90895,0.90924,1.10,1.87
2014.12.16 05:03:08.722,0.9089,0.90917,1.15,1.00
2014.12.16 05:03:08.772,0.9089,0.90917,1.15,1.10
2014.12.16 05:03:09.176,0.90889,0.90915,1.15,1.00
2014.12.16 05:03:09.378,0.90885,0.90913,1.15,1.12
2014.12.16 05:03:09.428,0.90885,0.90912,1.07,1.37
2014.12.16 05:03:09.479,0.90885,0.9091,1.00,1.15
2014.12.16 05:03:09.580,0.9088,0.90908,1.15,1.10
2014.12.16 05:03:09.681,0.9088,0.90906,1.15,1.00
2014.12.16 05:03:10.056,0.90885,0.90907,1.00,1.07
2014.12.16 05:03:10.107,0.90889,0.90914,1.00,1.15
2014.12.16 05:03:10.208,0.90885,0.90916,1.65,1.15
2014.12.16 05:03:10.359,0.90887,0.90918,1.17,3.07
2014.12.16 05:03:10.410,0.90887,0.90918,1.15,1.15
2014.12.16 05:03:11.065,0.9089,0.90917,1.10,1.15
2014.12.16 05:03:11.390,0.90892,0.90922,1.30,3.07
2014.12.16 05:03:11.542,0.90895,0.9092,1.00,1.15
2014.12.16 05:03:11.643,0.90887,0.9092,1.15,1.15
2014.12.16 05:03:12.651,0.90895,0.90919,1.00,1.15
2014.12.16 05:03:12.803,0.90895,0.9092,1.00,1.17
2014.12.16 05:03:13.307,0.90891,0.9092,1.45,1.17
2014.12.16 05:03:13.761,0.90895,0.90924,1.07,1.15
2014.12.16 05:03:13.812,0.90895,0.90924,1.87,1.15
2014.12.16 05:03:14.671,0.90895,0.90924,1.15,1.07
2014.12.16 05:03:14.721,0.90895,0.90924,1.15,1.00
2014.12.16 05:03:14.772,0.90898,0.90929,1.15,1.17
2014.12.16 05:03:14.822,0.909,0.90929,1.15,1.17
2014.12.16 05:03:15.175,0.90901,0.9093,1.45,1.07
2014.12.16 05:03:15.226,0.90901,0.9093,1.45,1.00
2014.12.16 05:03:16.558,0.909,0.9093,2.32,1.07
2014.12.16 05:03:16.609,0.90899,0.90929,1.15,1.15
2014.12.16 05:03:16.662,0.90899,0.90929,1.07,1.15
2014.12.16 05:03:16.717,0.90897,0.90929,1.45,1.15
2014.12.16 05:03:17.070,0.90893,0.90926,2.32,1.15
2014.12.16 05:03:17.120,0.90892,0.90926,1.15,1.15
2014.12.16 05:03:17.171,0.90892,0.90925,1.15,2.32
2014.12.16 05:03:17.222,0.90892,0.90924,1.15,2.32
2014.12.16 05:03:17.726,0.90895,0.90924,1.00,2.32
2014.12.16 05:03:18.143,0.90899,0.90924,1.00,2.32
2014.12.16 05:03:18.556,0.90896,0.90924,1.30,2.32
2014.12.16 05:03:19.068,0.90895,0.90924,1.50,2.32
2014.12.16 05:03:19.673,0.90895,0.90923,1.50,3.30
2014.12.16 05:03:19.875,0.9089,0.90922,2.62,2.32
2014.12.16 05:03:20.329,0.9089,0.90921,1.17,1.15
2014.12.16 05:03:20.379,0.9089,0.90924,1.15,1.87
2014.12.16 05:03:20.732,0.90895,0.90923,1.07,1.15
2014.12.16 05:03:20.783,0.90895,0.90923,1.15,1.17
2014.12.16 05:03:20.884,0.90895,0.90925,1.15,1.00
2014.12.16 05:03:21.413,0.90895,0.90928,2.62,1.15
2014.12.16 05:03:21.918,0.90895,0.90925,1.15,1.00
2014.12.16 05:03:22.220,0.909,0.90928,1.80,1.07
2014.12.16 05:03:22.321,0.909,0.90928,1.87,1.00
2014.12.16 05:03:22.372,0.909,0.90926,1.87,1.00
2014.12.16 05:03:22.692,0.909,0.90924,1.15,1.00
2014.12.16 05:03:22.793,0.909,0.90924,1.00,1.17
2014.12.16 05:03:22.844,0.909,0.90924,1.00,1.17
2014.12.16 05:03:22.895,0.90895,0.90924,1.10,1.15
2014.12.16 05:03:23.248,0.9089,0.90921,1.15,1.17
2014.12.16 05:03:23.299,0.9089,0.90921,1.15,1.15
2014.12.16 05:03:23.450,0.9089,0.90918,1.07,3.07
2014.12.16 05:03:23.652,0.90885,0.90916,1.15,1.15
2014.12.16 05:03:23.753,0.9089,0.90916,1.00,1.15
2014.12.16 05:03:23.904,0.9089,0.90917,1.17,1.17
2014.12.16 05:03:42.146,0.9089,0.90919,1.10,3.07
2014.12.16 05:03:43.091,0.90887,0.90917,1.37,1.15
2014.12.16 05:03:43.685,0.90887,0.90919,1.45,1.15
2014.12.16 05:03:49.235,0.90891,0.9092,1.12,1.17
2014.12.16 05:03:49.286,0.90891,0.90921,1.45,1.65
2014.12.16 05:03:49.387,0.90892,0.90921,1.15,1.07
2014.12.16 05:03:49.540,0.90896,0.90927,1.15,1.17
2014.12.16 05:03:49.641,0.90898,0.90927,1.15,1.17
2014.12.16 05:03:51.422,0.90895,0.90927,2.32,1.15
2014.12.16 05:03:51.472,0.90894,0.90927,1.15,1.15
2014.12.16 05:03:52.655,0.90894,0.90927,3.45,1.17
2014.12.16 05:03:52.706,0.90897,0.90931,1.15,1.15
2014.12.16 05:03:59.990,0.909,0.90929,1.00,3.07
2014.12.16 05:04:00.141,0.90898,0.90927,1.05,1.15
2014.12.16 05:04:05.308,0.90896,0.90925,1.30,2.32
2014.12.16 05:04:05.661,0.9089,0.90923,2.62,1.15
2014.12.16 05:04:07.255,0.9089,0.90921,1.87,1.15
2014.12.16 05:04:07.306,0.9089,0.90921,1.17,1.15
2014.12.16 05:04:13.587,0.90891,0.90922,1.17,3.07
2014.12.16 05:04:13.637,0.90891,0.90922,1.15,1.15
2014.12.16 05:04:30.196,0.90893,0.90924,1.15,1.15
2014.12.16 05:04:30.247,0.90893,0.90924,1.15,1.15
2014.12.16 05:04:32.755,0.90893,0.90924,1.07,1.15
2014.12.16 05:04:32.856,0.90893,0.90924,1.00,1.15
2014.12.16 05:04:33.059,0.9089,0.9092,1.07,1.15
2014.12.16 05:04:33.563,0.90888,0.90919,1.15,1.15
2014.12.16 05:04:34.055,0.90887,0.90918,1.15,1.17
2014.12.16 05:04:34.106,0.90887,0.90918,1.15,1.15
2014.12.16 05:04:52.458,0.90888,0.90918,2.32,1.17
2014.12.16 05:04:52.509,0.90888,0.90918,2.70,1.10
2014.12.16 05:04:52.965,0.90888,0.90918,1.15,1.07
2014.12.16 05:04:53.015,0.90888,0.90918,1.15,1.15
2014.12.16 05:04:54.048,0.9089,0.90917,1.15,1.07
2014.12.16 05:04:54.099,0.9089,0.90918,1.15,1.00
2014.12.16 05:04:54.617,0.90895,0.90921,1.00,1.15
2014.12.16 05:04:57.226,0.90891,0.90921,1.87,1.15
2014.12.16 05:05:07.212,0.9089,0.90919,1.17,1.15
2014.12.16 05:05:08.833,0.90886,0.90916,1.17,1.15
2014.12.16 05:05:09.188,0.90885,0.90913,1.07,1.17
2014.12.16 05:05:09.442,0.90881,0.90911,1.15,1.15
2014.12.16 05:05:09.594,0.9088,0.90909,1.17,1.07
2014.12.16 05:05:09.696,0.9088,0.90909,1.20,1.15
2014.12.16 05:05:11.118,0.90885,0.90912,1.00,1.87
2014.12.16 05:05:11.320,0.90882,0.90912,1.15,1.87
2014.12.16 05:05:11.471,0.9088,0.90908,1.15,1.00
2014.12.16 05:05:21.938,0.9088,0.90908,1.17,1.15
2014.12.16 05:05:22.241,0.9088,0.90911,1.65,1.15
2014.12.16 05:05:22.545,0.9088,0.90906,1.17,1.17
2014.12.16 05:05:25.609,0.90877,0.90905,1.12,1.07
2014.12.16 05:05:25.660,0.90877,0.90905,1.05,1.15
2014.12.16 05:05:27.615,0.90875,0.90905,3.07,1.17
2014.12.16 05:05:27.666,0.90875,0.90905,3.07,1.10
2014.12.16 05:05:31.017,0.90876,0.90905,2.32,1.00
2014.12.16 05:05:31.957,0.9088,0.90906,2.25,1.00
2014.12.16 05:05:32.159,0.90885,0.90909,1.15,1.00
2014.12.16 05:05:32.210,0.90885,0.90911,1.15,1.10
2014.12.16 05:05:32.714,0.90885,0.90911,1.15,1.10
2014.12.16 05:05:33.229,0.90884,0.90912,1.15,1.00
2014.12.16 05:05:34.856,0.90885,0.90911,1.15,1.10
2014.12.16 05:05:34.907,0.90885,0.90911,1.17,1.10
2014.12.16 05:05:35.159,0.90885,0.90909,1.17,1.00
2014.12.16 05:05:35.697,0.90885,0.9091,1.17,1.00
2014.12.16 05:05:38.959,0.90885,0.9091,1.17,1.00
2014.12.16 05:05:41.270,0.9089,0.9091,1.00,1.00
2014.12.16 05:05:41.649,0.9089,0.90912,1.00,1.00
2014.12.16 05:05:41.750,0.9089,0.90912,1.07,1.00
2014.12.16 05:05:42.002,0.90895,0.90917,1.07,1.00
2014.12.16 05:05:42.053,0.90895,0.90917,1.07,1.00
2014.12.16 05:05:42.205,0.90894,0.90923,2.32,1.00
2014.12.16 05:05:42.587,0.90892,0.90923,1.15,1.17
2014.12.16 05:05:42.955,0.90894,0.90923,2.32,1.10
2014.12.16 05:05:43.542,0.90893,0.90923,2.32,1.07
2014.12.16 05:05:43.593,0.90892,0.90923,1.15,1.17
2014.12.16 05:05:49.555,0.90891,0.90922,1.45,1.07
2014.12.16 05:05:49.606,0.9089,0.90922,1.15,1.15
2014.12.16 05:05:49.657,0.9089,0.90922,1.15,3.45
2014.12.16 05:05:49.708,0.90889,0.90922,1.15,3.45
2014.12.16 05:05:49.860,0.90887,0.90918,1.15,1.15
2014.12.16 05:05:49.910,0.90885,0.90916,1.15,1.15
2014.12.16 05:05:51.092,0.90888,0.90915,2.25,1.07
2014.12.16 05:05:51.244,0.90886,0.90915,1.15,1.00
2014.12.16 05:05:51.748,0.90885,0.90916,1.15,1.10
2014.12.16 05:05:52.879,0.90885,0.90916,1.15,1.07
2014.12.16 05:05:53.525,0.90885,0.90916,1.15,1.15
2014.12.16 05:05:55.006,0.90886,0.90916,2.32,1.07
2014.12.16 05:05:55.157,0.90887,0.9092,1.15,1.15
2014.12.16 05:05:59.010,0.9089,0.90921,1.65,1.45
2014.12.16 05:05:59.312,0.90894,0.90924,1.17,1.15
2014.12.16 05:05:59.363,0.90894,0.90924,1.15,1.17
2014.12.16 05:06:19.334,0.90894,0.90923,1.15,1.07
2014.12.16 05:06:19.385,0.90894,0.90923,1.15,1.15
2014.12.16 05:06:30.444,0.90894,0.90923,1.37,1.15
2014.12.16 05:06:30.931,0.90892,0.90923,1.17,1.15
2014.12.16 05:06:32.858,0.90891,0.90921,1.87,1.10
2014.12.16 05:06:53.344,0.90891,0.90921,1.87,1.17
2014.12.16 05:07:04.611,0.90892,0.90919,1.45,1.00
2014.12.16 05:07:09.009,0.90891,0.90919,1.12,1.07
2014.12.16 05:07:09.111,0.9089,0.90919,1.15,1.15
2014.12.16 05:07:09.212,0.9089,0.90916,1.07,1.37
2014.12.16 05:07:09.414,0.90884,0.90914,1.15,1.15
2014.12.16 05:07:09.566,0.9089,0.90914,1.00,1.15
2014.12.16 05:07:09.668,0.9089,0.90916,1.35,1.17
2014.12.16 05:07:09.870,0.90891,0.90921,1.10,1.07
2014.12.16 05:07:09.920,0.90895,0.90921,1.00,1.07
2014.12.16 05:07:10.123,0.90893,0.90923,1.00,1.87
2014.12.16 05:07:10.394,0.9089,0.9092,2.40,1.10
2014.12.16 05:07:10.950,0.90889,0.90919,2.47,1.00
2014.12.16 05:07:11.493,0.9089,0.9092,1.07,1.10
2014.12.16 05:07:14.777,0.9089,0.9092,1.00,1.15
2014.12.16 05:07:20.776,0.90889,0.90919,1.00,1.87
2014.12.16 05:07:21.278,0.9089,0.90918,1.00,1.45
2014.12.16 05:07:23.495,0.9089,0.90918,1.00,3.30
2014.12.16 05:07:23.747,0.90887,0.90913,1.00,1.12
2014.12.16 05:07:23.798,0.90887,0.90913,1.00,1.45
2014.12.16 05:07:24.403,0.90886,0.90913,1.00,1.45
2014.12.16 05:07:30.703,0.90886,0.90914,1.00,1.45
2014.12.16 05:07:30.754,0.90886,0.90914,1.00,1.45
2014.12.16 05:07:31.258,0.90887,0.90915,1.00,1.45
2014.12.16 05:07:31.510,0.90887,0.90917,1.17,1.10
2014.12.16 05:07:31.560,0.9089,0.90917,1.00,1.10
2014.12.16 05:07:31.712,0.90888,0.90918,1.80,1.17
2014.12.16 05:07:31.863,0.90888,0.90918,1.87,1.07
2014.12.16 05:07:32.065,0.90889,0.90919,1.87,1.00
2014.12.16 05:07:32.579,0.90891,0.90918,1.12,1.00
2014.12.16 05:07:32.630,0.90891,0.90921,1.87,1.17
2014.12.16 05:07:32.882,0.90895,0.90921,1.00,1.17
2014.12.16 05:07:33.914,0.90893,0.90921,1.30,1.17
2014.12.16 05:07:34.983,0.90895,0.90921,1.00,1.17
2014.12.16 05:07:35.183,0.90893,0.90921,1.30,1.17
2014.12.16 05:07:36.768,0.90895,0.90921,1.00,1.17
2014.12.16 05:07:38.173,0.90891,0.90921,1.17,1.17
2014.12.16 05:07:38.704,0.90894,0.90921,1.00,1.17
2014.12.16 05:07:39.917,0.90891,0.90921,1.17,1.17
2014.12.16 05:07:40.178,0.90895,0.90921,1.00,1.17
2014.12.16 05:07:41.233,0.90891,0.90921,1.17,1.17
2014.12.16 05:07:42.553,0.90895,0.90921,1.00,1.17
2014.12.16 05:07:44.864,0.90894,0.90922,1.00,1.15
2014.12.16 05:07:45.334,0.9089,0.9092,1.65,1.10
2014.12.16 05:07:46.888,0.90895,0.9092,1.00,1.10
2014.12.16 05:07:47.422,0.90895,0.90921,1.17,1.00
2014.12.16 05:07:51.636,0.90893,0.90921,1.30,1.10
2014.12.16 05:07:52.090,0.90888,0.90917,1.45,1.00
2014.12.16 05:07:52.640,0.90888,0.90916,1.45,1.00
2014.12.16 05:07:52.842,0.90887,0.90916,1.05,1.10
2014.12.16 05:07:54.524,0.90886,0.90913,1.12,1.00
2014.12.16 05:07:54.625,0.90886,0.90915,1.12,1.00
2014.12.16 05:07:58.071,0.90888,0.90915,1.30,1.00
2014.12.16 05:07:58.575,0.9089,0.90918,1.00,1.15
2014.12.16 05:08:00.495,0.9089,0.90918,1.80,1.00
2014.12.16 05:08:02.788,0.9089,0.90918,1.07,1.37
2014.12.16 05:08:02.890,0.90886,0.90916,1.17,1.10
2014.12.16 05:08:02.940,0.90886,0.90916,1.07,1.17
2014.12.16 05:08:02.991,0.90885,0.90914,1.00,1.15
2014.12.16 05:08:04.007,0.90886,0.90914,1.30,1.15
2014.12.16 05:08:04.854,0.90885,0.90914,1.72,1.15
2014.12.16 05:08:05.360,0.90882,0.90912,1.15,1.10
2014.12.16 05:08:05.766,0.90881,0.9091,1.15,1.00
2014.12.16 05:08:06.393,0.9088,0.90909,1.17,1.07
2014.12.16 05:08:06.444,0.9088,0.90909,1.10,1.17
2014.12.16 05:08:10.488,0.90877,0.90907,1.87,1.00
2014.12.16 05:08:10.993,0.90881,0.90907,1.30,1.00
2014.12.16 05:08:11.613,0.90879,0.90907,1.17,1.00
2014.12.16 05:08:12.150,0.9088,0.90906,1.10,1.00
2014.12.16 05:08:17.926,0.90876,0.90906,1.30,1.10
2014.12.16 05:08:18.161,0.90876,0.90904,1.30,1.00
2014.12.16 05:08:19.499,0.90877,0.90904,1.30,1.00
2014.12.16 05:08:20.258,0.90877,0.90905,1.30,1.00
2014.12.16 05:08:20.644,0.9088,0.90905,1.00,1.00
2014.12.16 05:08:21.194,0.9088,0.90906,1.00,1.10
2014.12.16 05:08:21.734,0.90879,0.90905,1.00,1.00
2014.12.16 05:08:22.237,0.9088,0.90909,1.10,1.10
2014.12.16 05:08:22.489,0.90884,0.9091,1.30,1.17
2014.12.16 05:08:22.893,0.9089,0.90914,1.00,1.15
2014.12.16 05:08:22.944,0.9089,0.90914,1.00,1.17
2014.12.16 05:08:23.095,0.90886,0.90916,1.00,1.15
2014.12.16 05:08:23.549,0.90891,0.90919,1.00,2.32
2014.12.16 05:08:23.852,0.9089,0.90921,1.50,1.27
2014.12.16 05:08:24.357,0.90891,0.90921,1.00,1.15
2014.12.16 05:08:24.608,0.90888,0.90919,1.10,1.45
2014.12.16 05:08:25.437,0.90891,0.90917,1.00,1.12
2014.12.16 05:08:25.963,0.9089,0.90916,1.00,1.45
2014.12.16 05:08:26.157,0.90887,0.90913,1.00,1.45
2014.12.16 05:08:26.309,0.90885,0.9091,1.00,1.12
2014.12.16 05:08:26.662,0.90883,0.90912,1.00,1.45
2014.12.16 05:08:27.190,0.90883,0.90908,1.00,1.30
2014.12.16 05:08:28.877,0.90883,0.90909,1.00,1.05
2014.12.16 05:08:28.978,0.90882,0.90907,1.00,1.45
2014.12.16 05:08:31.606,0.90883,0.90907,1.00,1.45
2014.12.16 05:08:32.707,0.90883,0.90912,1.00,1.45
2014.12.16 05:08:33.011,0.90885,0.90913,1.00,1.45
2014.12.16 05:08:33.313,0.90889,0.90914,1.00,2.32
2014.12.16 05:08:33.515,0.90891,0.90917,1.00,1.45
2014.12.16 05:08:34.135,0.9089,0.90916,1.00,1.45
2014.12.16 05:08:35.127,0.90889,0.90916,1.00,1.45
2014.12.16 05:08:35.466,0.90887,0.90913,1.00,1.45
2014.12.16 05:08:35.768,0.90884,0.90911,1.00,3.30
2014.12.16 05:08:37.592,0.90884,0.90915,1.00,4.05
2014.12.16 05:08:37.642,0.90886,0.90915,1.00,3.30
2014.12.16 05:08:37.945,0.90883,0.90913,1.00,1.45
2014.12.16 05:08:38.046,0.90882,0.90912,1.30,4.05
2014.12.16 05:08:38.554,0.90881,0.90906,1.00,1.12
2014.12.16 05:08:41.144,0.90878,0.90906,1.60,1.12
2014.12.16 05:08:43.042,0.90878,0.90907,1.00,1.45
2014.12.16 05:08:43.678,0.90877,0.90904,1.00,1.30
2014.12.16 05:08:44.388,0.90877,0.90904,1.00,1.37
2014.12.16 05:08:44.640,0.90873,0.909,1.00,1.30
2014.12.16 05:08:44.892,0.9087,0.90901,1.57,1.12
2014.12.16 05:08:44.943,0.9087,0.90901,1.50,1.45
2014.12.16 05:08:45.102,0.90874,0.90902,1.00,3.30
2014.12.16 05:08:45.455,0.90876,0.90902,1.00,2.32
2014.12.16 05:08:48.407,0.90876,0.90902,1.00,1.45
2014.12.16 05:08:50.174,0.90875,0.90903,1.00,1.45
2014.12.16 05:08:51.627,0.90874,0.90902,1.00,1.45
2014.12.16 05:08:51.728,0.90872,0.909,1.00,1.05
2014.12.16 05:08:52.139,0.90875,0.909,1.00,1.05
2014.12.16 05:08:52.646,0.90874,0.90902,1.00,1.45
2014.12.16 05:08:53.505,0.90875,0.90904,1.30,1.15
2014.12.16 05:08:53.556,0.90875,0.90904,1.87,1.10
2014.12.16 05:08:53.758,0.9088,0.90907,1.00,1.87
2014.12.16 05:08:55.950,0.9088,0.90909,1.10,1.05
2014.12.16 05:09:02.625,0.90881,0.90913,1.00,1.87
2014.12.16 05:09:02.928,0.90885,0.90913,1.00,1.87
2014.12.16 05:09:03.231,0.90882,0.90913,1.00,1.15
2014.12.16 05:09:04.093,0.90885,0.90913,1.00,1.15
2014.12.16 05:09:04.362,0.90885,0.90913,1.10,1.00
2014.12.16 05:09:05.466,0.90885,0.90915,1.10,1.17
2014.12.16 05:09:05.668,0.90889,0.90916,1.00,1.15
2014.12.16 05:09:05.819,0.90889,0.90918,1.10,1.10
2014.12.16 05:09:06.491,0.9089,0.90918,1.00,1.10
2014.12.16 05:09:06.951,0.90895,0.90918,1.00,1.10
2014.12.16 05:09:07.767,0.9089,0.90918,1.00,1.10
2014.12.16 05:09:08.822,0.90895,0.90918,1.00,1.10
2014.12.16 05:09:12.353,0.9089,0.9092,1.00,1.12
2014.12.16 05:09:13.464,0.90895,0.90921,1.00,2.55
2014.12.16 05:09:13.615,0.90894,0.90924,1.52,1.00
2014.12.16 05:09:13.767,0.90896,0.90928,1.67,1.07
2014.12.16 05:09:13.817,0.909,0.9093,1.17,1.80
2014.12.16 05:09:13.969,0.90899,0.9093,1.07,1.07
2014.12.16 05:09:14.271,0.90904,0.90931,1.00,3.30
2014.12.16 05:09:14.373,0.90901,0.90931,1.10,1.45
2014.12.16 05:09:14.524,0.90893,0.90925,3.15,1.10
2014.12.16 05:09:14.575,0.90893,0.90925,3.45,1.07
2014.12.16 05:09:14.676,0.90893,0.90925,1.00,1.87
2014.12.16 05:09:15.180,0.90891,0.90923,1.17,1.87
2014.12.16 05:09:20.345,0.90889,0.9092,1.15,1.30
2014.12.16 05:09:20.446,0.90889,0.90917,1.15,1.30
2014.12.16 05:09:20.597,0.90885,0.90916,1.07,1.37
2014.12.16 05:09:20.698,0.90883,0.90914,1.17,1.12
2014.12.16 05:09:21.404,0.90885,0.90917,1.00,1.45
2014.12.16 05:09:21.605,0.90885,0.9092,2.62,1.15
2014.12.16 05:09:24.381,0.9089,0.90921,1.30,1.15
2014.12.16 05:09:24.602,0.90888,0.90921,1.80,1.87
2014.12.16 05:09:25.151,0.90889,0.90921,1.00,1.45
2014.12.16 05:09:25.605,0.90891,0.90921,1.30,1.15
2014.12.16 05:09:26.298,0.90892,0.90921,1.05,1.15
2014.12.16 05:09:26.348,0.90892,0.90921,1.05,1.17
2014.12.16 05:09:26.601,0.90896,0.90924,1.05,1.17
2014.12.16 05:09:26.651,0.90896,0.90924,1.05,1.10
2014.12.16 05:09:26.853,0.90899,0.90927,1.30,1.15
2014.12.16 05:09:26.954,0.90897,0.90927,1.30,1.15
2014.12.16 05:09:27.257,0.90899,0.90928,1.30,1.15
2014.12.16 05:09:27.767,0.90898,0.90928,1.30,1.15
2014.12.16 05:09:28.451,0.90896,0.90928,1.05,1.15
2014.12.16 05:09:29.688,0.9089,0.90921,1.15,1.37
2014.12.16 05:09:29.739,0.9089,0.90921,1.15,1.12
2014.12.16 05:09:29.992,0.90885,0.90919,4.05,1.37
2014.12.16 05:09:30.042,0.90885,0.90919,1.87,1.45
2014.12.16 05:09:30.881,0.90883,0.90916,1.45,1.30
2014.12.16 05:09:31.386,0.90887,0.9092,1.05,1.45
2014.12.16 05:09:31.790,0.90885,0.90918,1.30,1.45
2014.12.16 05:09:32.205,0.90879,0.90914,1.27,3.07
2014.12.16 05:09:38.835,0.90877,0.90911,1.07,3.30
2014.12.16 05:09:38.885,0.90877,0.90909,1.00,1.15
2014.12.16 05:09:43.442,0.90877,0.90909,1.07,1.87
2014.12.16 05:09:43.493,0.90879,0.9091,1.17,1.12
2014.12.16 05:09:43.846,0.90877,0.90909,1.07,1.07
2014.12.16 05:09:43.897,0.90877,0.90909,1.00,1.27
2014.12.16 05:09:44.401,0.90873,0.90906,1.52,1.20
2014.12.16 05:09:44.502,0.90878,0.90911,1.00,1.27
2014.12.16 05:09:44.554,0.90878,0.90911,1.15,1.27
2014.12.16 05:09:45.078,0.90876,0.90908,1.15,1.00
2014.12.16 05:09:54.729,0.90874,0.90909,3.07,1.10
2014.12.16 05:09:56.933,0.90874,0.90906,3.07,1.00
2014.12.16 05:10:01.932,0.90874,0.90906,1.17,1.07
2014.12.16 05:10:02.033,0.90874,0.90906,1.20,1.15
2014.12.16 05:10:16.399,0.90875,0.90908,1.00,1.15
2014.12.16 05:10:17.257,0.90874,0.90906,1.20,1.15
2014.12.16 05:10:22.357,0.90872,0.90905,1.15,1.17
2014.12.16 05:10:27.503,0.90876,0.90906,1.45,1.00
2014.12.16 05:10:27.604,0.9088,0.90911,1.00,1.15
2014.12.16 05:10:28.113,0.90876,0.90907,1.15,1.00
2014.12.16 05:10:30.377,0.90876,0.90907,1.07,1.07
2014.12.16 05:10:30.579,0.90874,0.90907,1.17,1.15
2014.12.16 05:10:31.133,0.9087,0.90902,1.15,1.00
2014.12.16 05:10:31.184,0.9087,0.90902,1.07,1.17
2014.12.16 05:10:31.487,0.90869,0.909,1.00,1.15
2014.12.16 05:10:31.588,0.90867,0.90899,1.10,1.15
2014.12.16 05:10:31.992,0.90864,0.90898,4.20,1.07
2014.12.16 05:10:32.143,0.90871,0.90902,1.00,1.15
2014.12.16 05:10:32.295,0.90871,0.90903,1.07,1.07
2014.12.16 05:10:32.346,0.90873,0.90905,1.15,1.17
2014.12.16 05:10:33.708,0.90875,0.90907,1.17,1.07
2014.12.16 05:10:33.758,0.90875,0.90907,1.15,1.00
2014.12.16 05:10:34.075,0.90875,0.90907,1.17,1.07
2014.12.16 05:10:34.176,0.90874,0.90906,1.17,1.15
2014.12.16 05:10:36.399,0.90873,0.90905,1.00,1.52
2014.12.16 05:10:36.550,0.90866,0.90898,1.07,1.15
2014.12.16 05:10:37.054,0.90862,0.90894,1.15,1.00
2014.12.16 05:10:38.483,0.90864,0.90894,3.07,1.00
2014.12.16 05:10:38.534,0.90865,0.90897,1.15,1.00
2014.12.16 05:10:38.635,0.90867,0.90901,1.15,1.15
2014.12.16 05:10:39.250,0.90871,0.90901,1.30,1.15
2014.12.16 05:10:39.914,0.9087,0.90901,1.10,1.15
2014.12.16 05:10:44.559,0.9087,0.90898,1.10,1.00
2014.12.16 05:10:44.610,0.9087,0.90898,1.00,1.07
2014.12.16 05:10:44.761,0.90867,0.90898,1.30,1.15
2014.12.16 05:10:45.013,0.90864,0.90898,1.27,1.15
2014.12.16 05:10:45.218,0.90867,0.90899,1.15,1.17
2014.12.16 05:10:45.873,0.90867,0.90897,1.45,1.00
2014.12.16 05:10:48.215,0.90867,0.90899,1.15,1.17
2014.12.16 05:11:01.040,0.90871,0.90902,1.15,1.00
2014.12.16 05:11:01.557,0.90872,0.90903,1.15,1.30
2014.12.16 05:11:01.860,0.90869,0.90901,3.07,1.72
2014.12.16 05:11:03.266,0.90868,0.909,1.15,1.80
2014.12.16 05:11:03.368,0.90866,0.90898,1.15,1.00
2014.12.16 05:11:05.364,0.90866,0.90898,1.15,1.07
2014.12.16 05:11:05.415,0.90866,0.90898,1.17,1.15
2014.12.16 05:11:12.280,0.90861,0.90893,3.07,1.00
2014.12.16 05:11:12.381,0.9086,0.90893,2.62,1.12
2014.12.16 05:11:12.734,0.9086,0.90891,2.62,1.00
2014.12.16 05:11:12.835,0.90861,0.90893,2.85,1.20
2014.12.16 05:11:12.936,0.90875,0.90897,1.00,1.52
2014.12.16 05:11:12.987,0.90875,0.90899,1.00,1.52
2014.12.16 05:11:13.088,0.90875,0.90902,1.00,1.65
2014.12.16 05:11:13.592,0.90874,0.90902,1.00,1.15
2014.12.16 05:11:13.693,0.90874,0.90902,1.10,1.00
2014.12.16 05:11:14.046,0.90875,0.909,1.00,1.00
2014.12.16 05:11:14.449,0.90868,0.909,1.15,1.07
2014.12.16 05:11:14.500,0.90865,0.90897,1.87,1.10
2014.12.16 05:11:15.137,0.90865,0.90895,1.15,1.00
2014.12.16 05:11:16.265,0.90865,0.90896,1.15,1.30
2014.12.16 05:11:16.921,0.90865,0.90897,1.15,1.80
2014.12.16 05:11:17.495,0.90865,0.90897,1.72,1.15
2014.12.16 05:11:18.016,0.90863,0.90895,1.17,1.15
2014.12.16 05:11:18.318,0.90863,0.90895,1.00,3.07
2014.12.16 05:11:19.068,0.90864,0.90895,1.30,3.07
2014.12.16 05:11:21.269,0.90864,0.90896,1.07,3.07
2014.12.16 05:11:21.320,0.90864,0.90896,1.17,1.15
2014.12.16 05:11:21.522,0.90868,0.909,1.00,3.07
2014.12.16 05:11:21.623,0.9087,0.90901,1.00,1.50
2014.12.16 05:11:22.128,0.90871,0.90903,1.72,1.15
2014.12.16 05:11:22.279,0.90871,0.90903,2.02,1.72
2014.12.16 05:11:22.582,0.90888,0.90916,1.30,1.10
2014.12.16 05:11:22.784,0.90888,0.90919,1.45,1.00
2014.12.16 05:11:23.086,0.90882,0.90913,1.30,1.15
2014.12.16 05:11:23.597,0.90879,0.90913,1.45,1.15
2014.12.16 05:11:24.252,0.90878,0.90909,1.15,1.30
2014.12.16 05:11:24.606,0.9088,0.90916,2.32,1.15
2014.12.16 05:11:24.909,0.90883,0.90916,2.32,1.15
2014.12.16 05:11:25.211,0.90881,0.90917,1.15,3.07
2014.12.16 05:11:25.413,0.90883,0.90918,2.32,1.15
2014.12.16 05:11:25.757,0.90887,0.90923,3.07,1.15
2014.12.16 05:11:28.959,0.90887,0.90922,2.32,3.07
2014.12.16 05:11:29.010,0.90885,0.90921,1.15,2.32
2014.12.16 05:11:38.099,0.90885,0.90919,1.15,2.32
2014.12.16 05:11:38.261,0.90885,0.90919,1.15,4.50
2014.12.16 05:11:46.350,0.90885,0.90915,1.07,2.70
2014.12.16 05:11:46.451,0.90884,0.90914,1.00,2.70
2014.12.16 05:11:46.552,0.90882,0.90912,1.07,2.70
2014.12.16 05:11:46.805,0.90875,0.90911,2.32,2.32
2014.12.16 05:11:47.007,0.90877,0.90913,3.07,1.15
2014.12.16 05:11:47.057,0.90879,0.90913,2.32,1.15
2014.12.16 05:11:47.158,0.90883,0.90915,2.32,1.17
2014.12.16 05:11:50.765,0.90887,0.90918,2.32,1.07
2014.12.16 05:11:50.816,0.90894,0.90918,1.05,1.00
2014.12.16 05:11:50.917,0.90896,0.90922,1.30,1.15
2014.12.16 05:11:51.019,0.90891,0.90922,1.05,3.07
2014.12.16 05:11:51.523,0.90892,0.90922,1.30,3.45
2014.12.16 05:11:51.936,0.90892,0.90922,1.45,1.15
2014.12.16 05:11:54.720,0.90891,0.90922,1.12,3.07
2014.12.16 05:11:54.770,0.90891,0.90922,1.05,3.07
2014.12.16 05:12:01.464,0.90888,0.90918,1.12,2.32
2014.12.16 05:12:01.720,0.90885,0.90915,1.65,1.45
2014.12.16 05:12:01.770,0.90886,0.90915,1.15,1.37
2014.12.16 05:12:01.821,0.9089,0.9092,1.12,1.15
2014.12.16 05:12:05.247,0.90889,0.90918,1.72,2.32
2014.12.16 05:12:07.648,0.90889,0.90917,1.37,1.15
2014.12.16 05:12:07.800,0.90889,0.90919,1.45,1.15
2014.12.16 05:12:09.869,0.90891,0.90921,1.37,1.15
2014.12.16 05:12:10.122,0.90894,0.90925,1.45,1.15
2014.12.16 05:12:10.274,0.9089,0.90923,1.15,1.45
2014.12.16 05:12:10.328,0.9089,0.90923,1.15,1.45
2014.12.16 05:12:10.379,0.90887,0.9092,1.45,2.32
2014.12.16 05:12:10.429,0.90887,0.9092,1.45,2.32
2014.12.16 05:12:31.395,0.90882,0.90916,3.07,1.15
2014.12.16 05:12:46.826,0.90887,0.90918,1.17,1.15
2014.12.16 05:12:46.927,0.90888,0.90918,1.45,1.65
2014.12.16 05:12:47.028,0.90891,0.90922,1.37,1.65
2014.12.16 05:12:47.532,0.9089,0.90918,1.12,1.15
2014.12.16 05:12:47.634,0.90888,0.90917,1.37,1.17
2014.12.16 05:12:47.735,0.90888,0.90917,1.30,1.15
2014.12.16 05:12:48.923,0.90888,0.90918,1.45,1.15
2014.12.16 05:12:56.967,0.90887,0.90916,1.05,1.15
2014.12.16 05:13:01.640,0.90886,0.90914,1.12,1.17
2014.12.16 05:13:02.162,0.9089,0.90917,1.05,1.15
2014.12.16 05:13:03.542,0.90888,0.90917,1.37,1.15
2014.12.16 05:13:03.744,0.90883,0.90912,1.45,1.10
2014.12.16 05:13:14.617,0.90881,0.90911,2.32,1.00
2014.12.16 05:13:14.667,0.9088,0.90911,3.07,1.07
2014.12.16 05:13:14.718,0.9088,0.90909,1.15,1.50
2014.12.16 05:13:19.097,0.9088,0.9091,3.07,1.60
2014.12.16 05:13:19.198,0.90883,0.90912,1.45,1.17
2014.12.16 05:13:22.548,0.90886,0.90914,1.12,1.07
2014.12.16 05:13:22.599,0.90886,0.90914,1.45,1.10
2014.12.16 05:13:29.725,0.90887,0.90915,1.37,1.75
2014.12.16 05:13:29.826,0.90884,0.90915,1.15,1.75
2014.12.16 05:13:33.994,0.90888,0.90915,1.45,1.10
2014.12.16 05:13:34.297,0.9089,0.90919,1.45,1.17
2014.12.16 05:13:34.599,0.9089,0.90919,1.05,1.15
2014.12.16 05:13:55.466,0.90889,0.90917,1.05,1.15
2014.12.16 05:14:00.037,0.9089,0.90918,1.30,1.15
2014.12.16 05:14:03.501,0.90891,0.90919,1.30,1.15
2014.12.16 05:14:06.260,0.90891,0.9092,1.12,1.15
2014.12.16 05:14:28.550,0.90891,0.90921,1.37,2.32
2014.12.16 05:14:29.083,0.90891,0.9092,1.30,2.32
2014.12.16 05:14:30.607,0.90891,0.90921,1.12,1.15
2014.12.16 05:14:32.581,0.90889,0.90918,1.30,1.15
2014.12.16 05:14:33.156,0.90888,0.90918,1.80,1.15
2014.12.16 05:14:43.459,0.90889,0.90919,1.00,2.32
2014.12.16 05:14:46.931,0.90889,0.9092,1.15,1.87
2014.12.16 05:14:54.823,0.90889,0.9092,1.15,3.00
2014.12.16 05:14:54.924,0.90887,0.90918,1.12,1.75
2014.12.16 05:14:54.975,0.90886,0.90908,1.15,1.30
2014.12.16 05:14:55.177,0.90876,0.90901,1.00,1.12
2014.12.16 05:14:55.227,0.90875,0.90901,1.00,1.87
2014.12.16 05:14:55.479,0.90865,0.90896,2.62,1.15
2014.12.16 05:14:55.983,0.90868,0.90897,1.30,3.07
2014.12.16 05:14:56.552,0.9087,0.90897,1.30,3.07
2014.12.16 05:14:57.142,0.9087,0.90897,1.05,1.15
2014.12.16 05:14:57.445,0.90868,0.90898,1.15,1.10
2014.12.16 05:15:05.015,0.90874,0.90904,1.00,3.07
2014.12.16 05:15:05.066,0.90874,0.90904,1.15,1.15
2014.12.16 05:15:05.960,0.90877,0.90905,1.30,1.15
2014.12.16 05:15:06.061,0.90877,0.90905,1.45,1.17
2014.12.16 05:15:07.249,0.90875,0.90905,1.15,1.17
2014.12.16 05:15:07.300,0.90875,0.90902,1.17,1.17
2014.12.16 05:15:07.351,0.90873,0.90902,1.87,1.17
2014.12.16 05:15:07.504,0.90876,0.90902,1.12,1.00
2014.12.16 05:15:08.008,0.90876,0.90906,1.87,1.15
2014.12.16 05:15:09.443,0.90878,0.90908,1.07,1.15
2014.12.16 05:15:09.663,0.90881,0.90911,1.37,1.15
2014.12.16 05:15:13.978,0.90883,0.90911,1.30,1.15
2014.12.16 05:15:14.482,0.90885,0.90913,1.00,2.32
2014.12.16 05:15:15.574,0.90883,0.90913,1.00,2.32
2014.12.16 05:15:17.257,0.90885,0.90913,1.00,2.32
2014.12.16 05:15:17.358,0.90885,0.90915,1.17,1.15
2014.12.16 05:15:23.548,0.90883,0.90913,1.07,1.15
2014.12.16 05:15:23.649,0.90883,0.90913,1.10,1.15
2014.12.16 05:15:24.178,0.90884,0.90914,1.00,3.07
2014.12.16 05:15:30.097,0.90882,0.90912,1.17,1.15
2014.12.16 05:15:30.148,0.90882,0.90912,1.07,3.07
2014.12.16 05:15:30.199,0.90879,0.90909,1.20,1.15
2014.12.16 05:15:48.189,0.90879,0.90909,1.87,1.15
2014.12.16 05:15:48.240,0.9088,0.9091,1.15,1.15
2014.12.16 05:15:49.361,0.90885,0.90914,1.00,2.32
2014.12.16 05:15:50.335,0.90883,0.90913,1.10,1.15
2014.12.16 05:15:55.677,0.90883,0.90911,1.10,2.32
2014.12.16 05:15:56.106,0.90876,0.90906,1.17,1.65
2014.12.16 05:15:56.158,0.90876,0.90905,1.07,2.32
2014.12.16 05:15:56.310,0.90874,0.90904,1.52,1.15
2014.12.16 05:15:56.412,0.90878,0.90908,1.07,3.07
2014.12.16 05:15:56.563,0.90879,0.90909,1.65,1.15
2014.12.16 05:15:56.716,0.90883,0.90913,1.07,3.07
2014.12.16 05:15:56.767,0.90883,0.90913,1.17,1.15
2014.12.16 05:16:07.017,0.90884,0.90914,2.25,1.07
2014.12.16 05:16:07.067,0.90884,0.90914,2.32,1.00
2014.12.16 05:16:07.421,0.90887,0.90917,1.17,1.17
2014.12.16 05:16:07.522,0.90891,0.90919,1.10,2.32
2014.12.16 05:16:07.573,0.90891,0.90921,1.80,1.15
2014.12.16 05:16:07.724,0.90892,0.90921,1.45,1.15
2014.12.16 05:16:08.026,0.90896,0.90927,1.87,1.15
2014.12.16 05:16:10.364,0.90899,0.90929,1.45,1.15
2014.12.16 05:16:12.530,0.90898,0.90928,1.87,1.45
2014.12.16 05:16:12.833,0.90895,0.90925,1.12,1.87
2014.12.16 05:16:24.145,0.90895,0.90923,1.15,1.00
2014.12.16 05:16:24.698,0.90895,0.90928,2.62,1.87
2014.12.16 05:16:25.133,0.90895,0.90928,2.62,4.05
2014.12.16 05:16:25.183,0.90895,0.90927,1.65,2.32
2014.12.16 05:16:25.436,0.90891,0.90922,1.15,1.15
2014.12.16 05:16:25.486,0.90891,0.90921,1.15,1.45
2014.12.16 05:16:25.537,0.90891,0.90921,1.07,1.45
2014.12.16 05:16:25.840,0.90891,0.9092,1.00,3.30
2014.12.16 05:16:29.416,0.90889,0.90919,1.07,1.50
2014.12.16 05:16:29.618,0.90881,0.90912,1.15,1.45
2014.12.16 05:16:29.719,0.90882,0.90912,1.00,1.45
2014.12.16 05:16:30.434,0.9088,0.9091,1.17,1.87
2014.12.16 05:16:32.056,0.90882,0.9091,1.00,1.45
2014.12.16 05:16:32.718,0.9088,0.90911,1.17,1.87
2014.12.16 05:16:34.583,0.90885,0.90911,1.00,1.87
2014.12.16 05:16:34.735,0.90885,0.90915,1.15,1.17
2014.12.16 05:16:34.786,0.90889,0.90915,1.00,1.17
2014.12.16 05:16:35.303,0.9089,0.90919,1.00,3.30
2014.12.16 05:16:35.810,0.90895,0.90919,1.00,2.32
2014.12.16 05:16:37.888,0.90891,0.90921,1.10,4.05
2014.12.16 05:16:37.990,0.90888,0.90919,1.10,4.80
2014.12.16 05:16:42.840,0.90885,0.90913,1.07,2.92
2014.12.16 05:16:42.891,0.90885,0.90912,1.50,2.92
2014.12.16 05:16:42.992,0.90881,0.90906,1.10,1.05
2014.12.16 05:16:43.043,0.90875,0.90905,3.07,1.07
2014.12.16 05:16:43.094,0.90875,0.90905,1.15,1.15
2014.12.16 05:16:43.145,0.90878,0.90906,1.07,1.12
2014.12.16 05:16:43.196,0.90878,0.90908,1.15,1.15
2014.12.16 05:16:43.348,0.90882,0.90912,1.00,4.50
2014.12.16 05:16:43.652,0.90884,0.90914,1.10,3.07
2014.12.16 05:16:44.229,0.90885,0.90914,1.00,2.32
2014.12.16 05:16:46.111,0.90885,0.90916,1.07,3.07
2014.12.16 05:16:46.162,0.90885,0.90916,1.15,1.15
2014.12.16 05:16:47.077,0.90885,0.90913,1.07,2.32
2014.12.16 05:16:47.228,0.90881,0.90912,1.17,1.52
2014.12.16 05:16:47.279,0.90881,0.90906,1.10,1.37
2014.12.16 05:16:47.330,0.90875,0.90906,1.65,1.87
2014.12.16 05:16:49.110,0.9088,0.90906,1.00,1.87
2014.12.16 05:16:53.845,0.90879,0.90907,1.00,1.87
2014.12.16 05:16:55.700,0.9088,0.90906,1.00,1.45
2014.12.16 05:16:56.785,0.90877,0.90907,1.17,1.15
2014.12.16 05:17:00.743,0.90873,0.90904,1.15,1.87
2014.12.16 05:17:02.411,0.90873,0.90903,1.72,2.32
2014.12.16 05:17:02.918,0.90872,0.909,1.10,1.45
2014.12.16 05:17:03.221,0.90869,0.90899,1.10,2.32
2014.12.16 05:17:05.409,0.90868,0.90897,1.00,3.30
2014.12.16 05:17:05.677,0.90863,0.90892,1.00,1.45
2014.12.16 05:17:05.727,0.90863,0.9089,1.00,2.32
2014.12.16 05:17:05.929,0.90865,0.90891,1.00,1.45
2014.12.16 05:17:06.030,0.90867,0.90894,1.00,3.30
2014.12.16 05:17:06.537,0.90868,0.90894,1.00,2.32
2014.12.16 05:17:06.739,0.9087,0.90897,1.00,2.32
2014.12.16 05:17:07.352,0.9087,0.90899,1.72,1.15
2014.12.16 05:17:07.857,0.9087,0.90901,1.65,1.87
2014.12.16 05:17:07.908,0.90872,0.90905,1.12,4.05
2014.12.16 05:17:07.959,0.90872,0.90905,1.45,1.87
2014.12.16 05:17:18.226,0.90877,0.90906,1.30,1.15
2014.12.16 05:17:18.787,0.90875,0.90904,1.17,1.45
2014.12.16 05:17:30.002,0.90877,0.90905,1.30,1.15
2014.12.16 05:17:30.053,0.90877,0.90905,1.45,1.17
2014.12.16 05:17:30.254,0.90879,0.90909,1.15,1.17
2014.12.16 05:17:31.061,0.90882,0.90912,1.15,1.10
2014.12.16 05:17:33.897,0.90886,0.90914,1.50,1.07
2014.12.16 05:17:34.053,0.90891,0.9092,1.15,1.10
2014.12.16 05:17:35.479,0.90892,0.90922,1.10,1.15
2014.12.16 05:17:36.455,0.90889,0.90918,1.37,1.17
2014.12.16 05:17:36.507,0.90888,0.90916,1.10,1.45
2014.12.16 05:17:37.070,0.90889,0.90919,1.00,3.07
2014.12.16 05:17:37.272,0.90885,0.90916,1.65,4.05
2014.12.16 05:17:37.323,0.90885,0.90916,1.57,4.05
2014.12.16 05:17:37.575,0.90887,0.90916,1.00,2.32
2014.12.16 05:17:40.912,0.9089,0.90915,1.00,1.45
2014.12.16 05:17:41.063,0.9089,0.90915,1.00,1.45
2014.12.16 05:17:41.164,0.90888,0.90915,1.10,1.45
2014.12.16 05:17:41.460,0.90889,0.90916,1.07,1.37
2014.12.16 05:17:41.561,0.9089,0.90921,3.30,1.87
2014.12.16 05:17:41.662,0.90895,0.90924,1.17,1.07
2014.12.16 05:17:41.763,0.90898,0.90929,1.17,1.15
2014.12.16 05:17:42.015,0.90898,0.9093,3.07,1.17
2014.12.16 05:17:53.089,0.90899,0.90929,1.45,1.07
2014.12.16 05:17:53.341,0.90895,0.90925,1.57,3.30
2014.12.16 05:17:53.859,0.90895,0.90924,1.00,1.45
2014.12.16 05:17:54.723,0.90895,0.90924,1.07,1.45
2014.12.16 05:17:54.774,0.90895,0.90925,1.15,1.15
2014.12.16 05:17:55.663,0.909,0.90928,1.00,1.15
2014.12.16 05:17:55.865,0.90898,0.90929,1.10,3.30
2014.12.16 05:17:57.422,0.909,0.90929,1.00,3.30
2014.12.16 05:17:57.523,0.90897,0.90929,1.87,4.05
2014.12.16 05:17:57.624,0.909,0.90929,1.00,2.32
2014.12.16 05:17:59.711,0.909,0.9093,1.17,1.87
2014.12.16 05:18:00.266,0.90901,0.9093,1.12,1.17
2014.12.16 05:18:00.318,0.90901,0.9093,1.45,1.17
2014.12.16 05:18:00.872,0.90899,0.9093,1.87,1.45
2014.12.16 05:18:00.923,0.90897,0.90925,1.15,1.30
2014.12.16 05:18:00.974,0.90897,0.90925,1.17,1.37
2014.12.16 05:18:01.024,0.90894,0.90926,1.15,1.15
2014.12.16 05:18:01.428,0.90892,0.90925,1.15,1.15
2014.12.16 05:18:01.478,0.90895,0.90926,1.10,2.32
2014.12.16 05:18:06.780,0.90894,0.90926,1.15,4.05
2014.12.16 05:18:06.831,0.90894,0.90926,1.15,1.87
2014.12.16 05:18:12.612,0.90894,0.90924,1.15,1.15
2014.12.16 05:18:12.663,0.90894,0.90924,1.17,1.15
2014.12.16 05:18:17.920,0.90894,0.90923,1.10,2.32
2014.12.16 05:18:18.173,0.9089,0.9092,1.00,2.32
2014.12.16 05:18:18.224,0.9089,0.90921,1.15,1.15
2014.12.16 05:18:18.426,0.90895,0.90921,1.50,1.45
2014.12.16 05:18:18.628,0.90891,0.9092,1.17,1.45
2014.12.16 05:18:21.132,0.90894,0.90923,1.00,3.30
2014.12.16 05:18:21.774,0.90892,0.90921,1.10,1.45
2014.12.16 05:18:22.340,0.90892,0.90921,1.07,1.45
2014.12.16 05:18:22.441,0.90894,0.90921,1.17,1.12
2014.12.16 05:18:23.093,0.90896,0.90921,1.00,1.12
2014.12.16 05:18:23.144,0.90896,0.90923,1.07,1.37
2014.12.16 05:18:23.245,0.90896,0.90925,1.15,1.12
2014.12.16 05:18:26.617,0.909,0.90928,1.00,1.45
2014.12.16 05:18:27.227,0.90901,0.90928,1.00,1.45
2014.12.16 05:18:29.359,0.90899,0.90927,1.10,1.45
2014.12.16 05:18:29.511,0.90898,0.90923,1.07,1.37
2014.12.16 05:18:29.562,0.90896,0.90923,1.00,1.45
2014.12.16 05:18:29.662,0.90894,0.90923,1.20,1.45
2014.12.16 05:18:38.312,0.90891,0.90921,1.15,1.65
2014.12.16 05:18:38.819,0.90891,0.90921,1.15,1.65
2014.12.16 05:18:42.358,0.90891,0.90921,1.15,1.65
2014.12.16 05:18:42.408,0.90891,0.90921,1.15,1.65
2014.12.16 05:18:55.855,0.909,0.90926,1.00,3.07
2014.12.16 05:18:55.906,0.909,0.90926,1.00,1.15
2014.12.16 05:18:56.409,0.90895,0.90927,1.87,1.15
2014.12.16 05:19:04.678,0.90895,0.90925,1.17,1.15
2014.12.16 05:19:04.729,0.90895,0.90925,1.17,1.87
2014.12.16 05:19:05.004,0.90894,0.90924,1.07,1.15
2014.12.16 05:19:05.055,0.90894,0.90923,1.00,1.45
2014.12.16 05:19:05.559,0.90888,0.90918,1.15,1.10
2014.12.16 05:19:10.890,0.90888,0.90918,1.17,1.17
2014.12.16 05:19:10.941,0.90888,0.90918,1.17,1.15
2014.12.16 05:19:22.871,0.90887,0.90912,1.15,1.30
2014.12.16 05:19:22.973,0.90885,0.90912,1.00,1.45
2014.12.16 05:19:23.023,0.90881,0.90911,1.17,1.17
2014.12.16 05:19:23.074,0.90881,0.90911,1.17,1.15
2014.12.16 05:19:23.176,0.90881,0.90911,1.15,1.87
2014.12.16 05:19:23.277,0.90879,0.90909,3.07,1.00
2014.12.16 05:19:23.579,0.9088,0.9091,1.15,1.80
2014.12.16 05:19:23.633,0.9088,0.9091,1.15,1.87
2014.12.16 05:19:33.892,0.9088,0.9091,1.15,1.17
2014.12.16 05:19:34.044,0.90882,0.90912,3.07,1.00
2014.12.16 05:19:34.617,0.90883,0.90915,1.15,1.15
2014.12.16 05:19:54.112,0.90884,0.90914,1.15,1.10
2014.12.16 05:19:54.163,0.90885,0.90915,1.17,1.15
2014.12.16 05:19:54.213,0.90885,0.90915,1.17,1.15
2014.12.16 05:20:04.628,0.90882,0.90913,1.10,2.32
2014.12.16 05:20:25.386,0.90878,0.9091,1.15,1.87
2014.12.16 05:20:29.695,0.90878,0.90908,1.17,1.15
2014.12.16 05:20:29.796,0.90876,0.90907,1.10,2.32
2014.12.16 05:20:29.998,0.90876,0.90907,1.15,1.87
2014.12.16 05:20:30.305,0.90873,0.90902,2.32,1.00
2014.12.16 05:20:30.563,0.90873,0.90906,2.32,1.45
2014.12.16 05:20:31.075,0.90873,0.90903,3.07,1.00
2014.12.16 05:20:31.686,0.90876,0.90905,1.15,1.17
2014.12.16 05:20:37.407,0.90878,0.90905,1.30,1.87
2014.12.16 05:20:37.710,0.90874,0.90899,1.17,1.10
2014.12.16 05:20:38.114,0.90875,0.90904,1.65,1.45
2014.12.16 05:20:38.265,0.90879,0.90906,1.00,1.45
2014.12.16 05:20:38.518,0.90879,0.90906,1.17,1.12
2014.12.16 05:20:40.822,0.9088,0.90909,1.15,1.17
2014.12.16 05:20:41.227,0.9088,0.90907,1.00,1.10
2014.12.16 05:20:41.581,0.90878,0.90905,1.17,1.30
2014.12.16 05:20:42.205,0.9088,0.90906,1.00,1.30
2014.12.16 05:20:42.765,0.90879,0.90907,1.10,1.05
2014.12.16 05:20:43.314,0.9088,0.90908,1.00,1.12
2014.12.16 05:20:43.884,0.90879,0.90908,1.10,1.12
2014.12.16 05:20:44.187,0.9088,0.9091,1.07,1.80
2014.12.16 05:20:44.238,0.9088,0.9091,1.15,1.72
2014.12.16 05:20:44.742,0.90883,0.90913,1.00,1.15
2014.12.16 05:20:48.285,0.90882,0.90911,1.05,1.10
2014.12.16 05:20:49.507,0.90879,0.90909,1.15,1.00
2014.12.16 05:20:56.426,0.9088,0.90909,4.05,1.00
2014.12.16 05:20:56.528,0.90881,0.90911,1.15,1.00
2014.12.16 05:21:01.947,0.90881,0.90909,1.45,1.00
2014.12.16 05:21:02.483,0.9088,0.9091,4.05,1.00
2014.12.16 05:21:03.575,0.90882,0.90912,1.15,1.00
2014.12.16 05:21:06.644,0.90884,0.90914,1.15,1.10
2014.12.16 05:21:07.149,0.90887,0.90918,1.00,1.45
2014.12.16 05:21:07.200,0.90889,0.90918,1.00,1.45
2014.12.16 05:21:15.769,0.9089,0.9092,1.17,1.05
2014.12.16 05:21:15.971,0.90893,0.90922,1.30,1.15
2014.12.16 05:21:16.304,0.90895,0.90925,1.50,1.87
2014.12.16 05:21:17.233,0.90897,0.90926,1.00,3.30
2014.12.16 05:21:17.285,0.90897,0.90926,1.00,1.45
2014.12.16 05:21:19.278,0.90897,0.90922,1.00,1.87
2014.12.16 05:21:19.329,0.90892,0.90922,1.00,2.62
2014.12.16 05:21:19.733,0.90886,0.90915,1.45,1.00
2014.12.16 05:21:19.985,0.90886,0.90917,1.45,1.00
2014.12.16 05:21:20.086,0.90886,0.90915,1.45,1.00
2014.12.16 05:21:20.187,0.90886,0.90914,1.12,1.00
2014.12.16 05:21:20.731,0.90885,0.90915,2.62,1.00
2014.12.16 05:21:25.575,0.90885,0.90914,1.15,1.00
2014.12.16 05:21:25.676,0.90886,0.90916,1.20,1.72
2014.12.16 05:21:32.969,0.9089,0.90918,1.00,1.45
2014.12.16 05:21:33.222,0.90895,0.90924,1.10,1.17
2014.12.16 05:21:33.575,0.90898,0.90926,1.30,1.15
2014.12.16 05:21:33.625,0.90898,0.90926,1.12,1.00
2014.12.16 05:21:33.827,0.90895,0.90924,1.15,1.00
2014.12.16 05:21:33.928,0.90895,0.90925,1.57,1.12
2014.12.16 05:21:34.130,0.90895,0.90923,1.00,1.45
2014.12.16 05:21:34.282,0.90892,0.90921,1.10,1.12
2014.12.16 05:21:34.786,0.9089,0.90919,1.87,1.00
2014.12.16 05:21:35.584,0.9089,0.90917,1.15,1.00
2014.12.16 05:21:39.570,0.90888,0.90918,1.15,1.72
2014.12.16 05:21:43.970,0.90888,0.90918,1.07,1.07
2014.12.16 05:21:44.021,0.90888,0.90916,1.00,1.05
2014.12.16 05:21:44.525,0.90886,0.90916,1.17,1.10
2014.12.16 05:21:45.489,0.90888,0.90919,1.00,1.15
2014.12.16 05:21:50.082,0.90887,0.90918,1.10,1.15
2014.12.16 05:22:04.232,0.90886,0.90919,1.20,1.15
2014.12.16 05:22:06.583,0.90883,0.90913,1.15,1.00
2014.12.16 05:22:06.735,0.90879,0.9091,1.15,1.17
2014.12.16 05:22:06.886,0.90878,0.90908,1.07,1.07
2014.12.16 05:22:06.937,0.90875,0.90908,1.15,1.15
2014.12.16 05:22:21.362,0.90878,0.90909,1.00,1.15
2014.12.16 05:22:27.394,0.90878,0.90909,1.00,1.15
2014.12.16 05:22:35.881,0.90876,0.90907,1.15,1.00
2014.12.16 05:22:36.721,0.90878,0.90909,1.00,1.15
2014.12.16 05:22:44.031,0.90877,0.90908,1.20,1.20
2014.12.16 05:22:44.753,0.90877,0.90907,1.20,1.00
2014.12.16 05:22:48.343,0.90877,0.90907,1.10,1.17
2014.12.16 05:22:50.597,0.90875,0.90905,1.15,1.00
2014.12.16 05:22:51.304,0.90876,0.90906,1.17,1.10
2014.12.16 05:22:58.175,0.90878,0.90908,1.00,1.15
2014.12.16 05:23:06.613,0.90878,0.90908,1.07,1.07
2014.12.16 05:23:06.663,0.9088,0.9091,1.15,1.00
2014.12.16 05:23:06.865,0.90885,0.90915,1.00,1.15
2014.12.16 05:23:07.837,0.90885,0.90915,1.17,1.10
2014.12.16 05:23:15.627,0.90885,0.90913,1.17,1.00
2014.12.16 05:23:15.880,0.90885,0.90915,1.17,1.10
2014.12.16 05:23:19.197,0.90884,0.90914,1.15,1.00
2014.12.16 05:23:21.852,0.90885,0.90915,1.17,1.10
2014.12.16 05:23:22.810,0.90885,0.90914,1.17,1.00
2014.12.16 05:23:23.012,0.90885,0.90912,1.07,1.05
2014.12.16 05:23:23.063,0.9088,0.9091,1.17,1.10
2014.12.16 05:23:23.114,0.9088,0.9091,1.07,1.27
2014.12.16 05:23:23.164,0.90877,0.90907,1.17,1.10
2014.12.16 05:23:23.702,0.90877,0.90905,1.17,1.30
2014.12.16 05:23:26.311,0.90877,0.90908,1.17,1.12
2014.12.16 05:23:28.937,0.90878,0.90906,1.10,1.00
2014.12.16 05:23:29.246,0.90874,0.90903,1.10,1.12
2014.12.16 05:23:29.549,0.90877,0.90902,1.12,1.00
2014.12.16 05:23:29.650,0.90879,0.90909,1.00,1.15
2014.12.16 05:23:29.700,0.90879,0.90909,1.15,1.00
2014.12.16 05:23:30.235,0.90881,0.90911,1.17,1.87
2014.12.16 05:23:30.880,0.90883,0.90913,1.00,1.15
2014.12.16 05:23:31.291,0.90885,0.90915,1.00,3.00
2014.12.16 05:23:31.962,0.90883,0.90913,1.00,1.15
2014.12.16 05:23:38.787,0.90882,0.90911,1.10,1.12
2014.12.16 05:23:40.222,0.90883,0.90911,1.00,1.12
2014.12.16 05:23:42.204,0.90883,0.90913,1.15,1.72
2014.12.16 05:23:42.717,0.90884,0.90916,1.17,1.87
2014.12.16 05:23:46.926,0.90886,0.90916,1.07,1.07
2014.12.16 05:23:47.027,0.90886,0.90918,1.15,1.10
2014.12.16 05:23:47.127,0.90891,0.90921,1.07,1.07
2014.12.16 05:23:47.178,0.90891,0.90921,1.15,1.00
2014.12.16 05:23:47.279,0.9089,0.90919,1.15,1.00
2014.12.16 05:23:47.481,0.90886,0.90916,1.87,1.00
2014.12.16 05:23:50.773,0.90887,0.90917,1.15,1.10
2014.12.16 05:23:56.761,0.90886,0.90916,1.15,1.00
2014.12.16 05:23:57.323,0.90888,0.9092,1.87,1.15
2014.12.16 05:23:58.999,0.90888,0.9092,1.80,1.15
2014.12.16 05:23:59.507,0.90889,0.90919,1.72,1.20
2014.12.16 05:23:59.608,0.90891,0.90921,1.00,1.15
2014.12.16 05:24:00.141,0.90892,0.90922,1.00,2.47
2014.12.16 05:24:07.282,0.90892,0.9092,1.00,2.32
2014.12.16 05:24:07.433,0.9089,0.90914,1.00,1.17
2014.12.16 05:24:07.534,0.90886,0.90916,1.00,1.15
2014.12.16 05:24:07.736,0.90883,0.90913,1.17,1.05
2014.12.16 05:24:07.988,0.90882,0.90911,1.15,1.30
2014.12.16 05:24:08.854,0.90881,0.90912,1.15,1.50
2014.12.16 05:24:09.492,0.90881,0.9091,1.15,1.00
2014.12.16 05:24:10.170,0.9088,0.9091,1.00,1.65
2014.12.16 05:24:10.221,0.9088,0.90905,1.00,1.00
2014.12.16 05:24:10.735,0.90875,0.90905,1.15,1.00
2014.12.16 05:24:11.645,0.90875,0.90904,1.15,1.30
2014.12.16 05:24:11.746,0.90877,0.90907,1.15,1.30
2014.12.16 05:24:12.272,0.90877,0.90908,1.87,1.10
2014.12.16 05:24:13.567,0.9088,0.90908,1.00,1.10
2014.12.16 05:24:14.714,0.90881,0.90912,1.37,1.67
2014.12.16 05:24:14.815,0.90881,0.90913,2.25,1.05
2014.12.16 05:24:24.712,0.90886,0.90916,1.00,1.87
2014.12.16 05:24:25.266,0.90887,0.90917,1.00,1.45
2014.12.16 05:24:25.569,0.90888,0.90918,1.10,1.12
2014.12.16 05:24:29.526,0.90888,0.90918,1.10,1.45
2014.12.16 05:24:29.839,0.90888,0.90918,1.00,1.45
2014.12.16 05:24:31.197,0.90887,0.90916,1.00,1.45
2014.12.16 05:24:36.222,0.90885,0.90915,1.10,1.12
2014.12.16 05:24:36.373,0.90882,0.90911,1.15,1.30
2014.12.16 05:24:36.575,0.9088,0.90911,1.10,1.87
2014.12.16 05:24:38.890,0.9088,0.9091,1.00,1.15
2014.12.16 05:24:39.231,0.90877,0.90908,1.00,1.15
2014.12.16 05:24:39.782,0.90874,0.90904,1.15,1.00
2014.12.16 05:24:40.271,0.90876,0.90906,1.07,1.10
2014.12.16 05:24:40.372,0.90877,0.90908,1.15,1.00
2014.12.16 05:24:40.423,0.9088,0.9091,1.17,1.10
2014.12.16 05:24:52.909,0.9088,0.90908,1.00,1.15
2014.12.16 05:24:52.959,0.90877,0.90907,1.00,1.15
2014.12.16 05:24:53.464,0.90875,0.90905,1.17,1.05
2014.12.16 05:24:54.505,0.90873,0.90904,1.15,1.00
2014.12.16 05:24:55.048,0.90873,0.90903,1.15,1.00
2014.12.16 05:24:55.251,0.90874,0.90905,1.15,1.80
2014.12.16 05:24:58.449,0.90874,0.90904,1.45,1.00
2014.12.16 05:25:00.237,0.90872,0.90902,1.15,1.00
2014.12.16 05:25:00.439,0.9087,0.90901,2.62,1.17
2014.12.16 05:25:00.947,0.90869,0.90899,1.15,1.00
2014.12.16 05:25:01.604,0.9087,0.90899,1.15,1.00
2014.12.16 05:25:01.654,0.9087,0.90901,2.40,1.00
2014.12.16 05:25:02.167,0.90871,0.90902,1.87,1.00
2014.12.16 05:25:03.096,0.90872,0.90903,1.87,1.00
2014.12.16 05:25:06.956,0.90873,0.90902,1.45,1.00
2014.12.16 05:25:07.460,0.90871,0.909,1.45,1.00
2014.12.16 05:25:08.383,0.90874,0.90899,1.12,1.00
2014.12.16 05:25:08.905,0.90873,0.909,1.45,1.00
2014.12.16 05:25:10.101,0.90873,0.90902,1.45,1.00
2014.12.16 05:25:10.587,0.90872,0.90899,1.45,1.00
2014.12.16 05:25:10.689,0.90872,0.90901,1.45,1.00
2014.12.16 05:25:11.193,0.90873,0.909,1.45,1.00
2014.12.16 05:25:13.223,0.90871,0.90899,1.45,1.00
2014.12.16 05:25:14.196,0.90871,0.909,1.45,1.00
2014.12.16 05:25:15.195,0.90873,0.90901,1.45,1.00
2014.12.16 05:25:16.598,0.90873,0.909,1.45,1.00
2014.12.16 05:25:16.951,0.90872,0.909,1.05,1.10
2014.12.16 05:25:18.723,0.90869,0.90899,1.15,1.00
2014.12.16 05:25:18.775,0.90869,0.90899,1.07,1.07
2014.12.16 05:25:18.826,0.90868,0.90898,1.10,1.17
2014.12.16 05:25:18.978,0.90869,0.90898,3.60,1.10
2014.12.16 05:25:19.029,0.90871,0.90901,1.15,1.00
2014.12.16 05:25:19.079,0.90871,0.90901,1.17,1.07
2014.12.16 05:25:19.130,0.90871,0.90901,1.05,1.15
2014.12.16 05:25:21.880,0.9088,0.90904,1.00,1.87
2014.12.16 05:25:22.182,0.9088,0.90906,1.00,1.87
2014.12.16 05:25:22.333,0.90877,0.90907,1.00,1.87
2014.12.16 05:25:22.435,0.90879,0.90908,1.00,1.45
2014.12.16 05:25:22.737,0.90883,0.9091,1.00,2.32
2014.12.16 05:25:22.788,0.90883,0.90913,1.00,1.87
2014.12.16 05:25:23.090,0.90885,0.90913,1.00,1.45
2014.12.16 05:25:30.689,0.90885,0.90915,2.47,3.07
2014.12.16 05:25:30.740,0.90885,0.90915,2.47,1.15
2014.12.16 05:25:35.421,0.90886,0.90916,1.00,1.15
2014.12.16 05:25:35.523,0.90889,0.90918,1.00,4.50
2014.12.16 05:25:36.079,0.90884,0.90911,1.45,1.00
2014.12.16 05:25:36.180,0.9088,0.9091,1.55,1.10
2014.12.16 05:25:36.281,0.9088,0.9091,1.17,1.10
2014.12.16 05:25:36.332,0.9088,0.90908,1.17,1.00
2014.12.16 05:25:36.634,0.90878,0.90908,1.00,1.15
2014.12.16 05:25:36.836,0.90876,0.90906,1.80,1.17
2014.12.16 05:25:37.089,0.90878,0.90906,1.30,1.17
2014.12.16 05:25:37.291,0.90876,0.90906,1.80,1.17
2014.12.16 05:25:37.393,0.90876,0.90902,1.05,1.00
2014.12.16 05:25:37.494,0.90876,0.90906,1.80,1.17
2014.12.16 05:25:38.704,0.90878,0.90906,1.37,1.07
2014.12.16 05:25:38.855,0.90878,0.90907,1.45,1.00
2014.12.16 05:25:39.360,0.9088,0.90908,1.05,1.00
2014.12.16 05:25:41.560,0.90881,0.90908,1.30,1.00
2014.12.16 05:25:41.814,0.90883,0.9091,1.30,1.17
2014.12.16 05:25:42.375,0.90884,0.9091,1.30,1.17
2014.12.16 05:25:42.476,0.90881,0.9091,1.30,1.17
2014.12.16 05:25:42.678,0.90881,0.90907,1.30,1.00
2014.12.16 05:25:43.585,0.9088,0.90907,1.05,1.00
2014.12.16 05:25:44.127,0.90881,0.90907,1.30,1.00
2014.12.16 05:25:44.482,0.90877,0.90907,1.07,1.07
2014.12.16 05:25:44.785,0.90878,0.90906,1.37,1.00
2014.12.16 05:25:45.289,0.90876,0.90905,1.45,1.00
2014.12.16 05:25:45.343,0.90877,0.90902,1.12,1.00
2014.12.16 05:25:45.545,0.90877,0.90905,1.12,1.00
2014.12.16 05:25:45.797,0.90877,0.90905,1.30,1.20
2014.12.16 05:25:47.521,0.90877,0.90904,1.30,1.00
2014.12.16 05:25:48.134,0.90876,0.90904,1.30,1.00
2014.12.16 05:25:52.485,0.90875,0.90903,1.00,1.00
2014.12.16 05:25:52.536,0.90875,0.90903,1.00,1.07
2014.12.16 05:25:52.637,0.90871,0.90902,1.80,1.87
2014.12.16 05:25:52.738,0.9087,0.90898,1.07,1.07
2014.12.16 05:25:52.789,0.9087,0.90897,1.00,1.17
2014.12.16 05:25:52.941,0.90867,0.90897,1.87,1.17
2014.12.16 05:25:53.246,0.90866,0.90897,1.80,1.15
2014.12.16 05:25:53.296,0.90866,0.90897,1.72,1.15
2014.12.16 05:25:53.347,0.9087,0.90897,1.00,1.15
2014.12.16 05:25:53.498,0.90865,0.90894,1.00,1.17
2014.12.16 05:25:54.564,0.90867,0.90894,1.30,1.17
2014.12.16 05:25:54.665,0.90865,0.90894,1.72,1.17
2014.12.16 05:25:55.211,0.90866,0.90894,1.30,1.17
2014.12.16 05:25:55.802,0.90865,0.90894,1.00,1.17
2014.12.16 05:25:55.903,0.90869,0.90896,1.00,1.15
2014.12.16 05:25:56.206,0.9087,0.90896,1.00,1.00
2014.12.16 05:25:56.308,0.9087,0.90894,1.00,1.00
2014.12.16 05:25:56.358,0.90865,0.90894,1.80,1.07
2014.12.16 05:25:56.409,0.90865,0.90894,1.72,1.15
2014.12.16 05:25:56.762,0.90863,0.90894,1.07,1.15
2014.12.16 05:25:57.266,0.90861,0.9089,1.45,1.52
2014.12.16 05:25:57.570,0.90855,0.90881,1.00,3.30
2014.12.16 05:25:57.772,0.9085,0.90881,1.57,4.05
2014.12.16 05:25:57.873,0.9085,0.90874,1.57,1.37
2014.12.16 05:25:58.176,0.9085,0.90874,1.00,2.32
2014.12.16 05:25:58.428,0.9085,0.90877,1.00,2.32
2014.12.16 05:26:00.725,0.9085,0.90879,1.07,1.45
2014.12.16 05:26:00.977,0.90855,0.90882,1.00,2.32
2014.12.16 05:26:01.028,0.90855,0.90884,1.00,1.15
2014.12.16 05:26:01.078,0.9086,0.90885,1.00,2.32
2014.12.16 05:26:02.256,0.90856,0.90883,1.00,1.45
2014.12.16 05:26:02.522,0.90854,0.90884,1.57,1.45
2014.12.16 05:26:03.459,0.90855,0.90884,1.00,1.45
2014.12.16 05:26:06.451,0.90855,0.90881,1.00,2.32
2014.12.16 05:26:06.653,0.9085,0.9088,2.47,2.32
2014.12.16 05:26:07.006,0.90852,0.9088,1.00,2.32
2014.12.16 05:26:07.258,0.90855,0.90886,1.10,2.32
2014.12.16 05:26:09.280,0.90856,0.90886,1.00,2.32
2014.12.16 05:26:10.314,0.90855,0.90886,1.10,2.32
2014.12.16 05:26:13.832,0.90856,0.90886,1.00,2.32
2014.12.16 05:26:15.263,0.9086,0.90886,1.00,2.32
2014.12.16 05:26:15.465,0.90859,0.90889,1.00,2.32
2014.12.16 05:26:15.988,0.90856,0.90888,1.87,1.15
2014.12.16 05:26:17.499,0.90855,0.90887,1.65,1.17
2014.12.16 05:26:17.550,0.90858,0.90888,1.45,1.15
2014.12.16 05:26:17.651,0.90862,0.90891,1.37,1.15
2014.12.16 05:26:17.701,0.90862,0.90891,1.45,1.17
2014.12.16 05:26:17.954,0.90864,0.90894,1.10,3.67
2014.12.16 05:26:18.105,0.9086,0.90892,1.65,2.25
2014.12.16 05:26:18.156,0.9086,0.9089,1.57,2.32
2014.12.16 05:26:18.559,0.90859,0.9089,1.80,2.32
2014.12.16 05:26:19.099,0.9086,0.9089,1.72,2.32
2014.12.16 05:26:19.678,0.90861,0.9089,1.30,2.32
2014.12.16 05:26:20.078,0.90856,0.90885,1.00,2.32
2014.12.16 05:26:20.179,0.90856,0.90888,1.17,4.80
2014.12.16 05:26:20.482,0.90855,0.90884,1.72,2.32
2014.12.16 05:26:20.583,0.90855,0.90887,1.87,1.15
2014.12.16 05:26:20.885,0.90859,0.90887,1.12,1.15
2014.12.16 05:26:21.390,0.90861,0.9089,1.30,1.15
2014.12.16 05:26:21.834,0.90863,0.9089,1.30,1.15
2014.12.16 05:26:21.985,0.90865,0.90891,1.30,1.15
2014.12.16 05:26:22.489,0.90866,0.90895,1.30,2.92
2014.12.16 05:26:22.591,0.90867,0.90897,1.05,1.75
2014.12.16 05:26:23.243,0.90865,0.90895,1.57,2.92
2014.12.16 05:26:23.814,0.90865,0.90895,1.50,2.92
2014.12.16 05:26:24.170,0.90864,0.90893,1.00,2.32
2014.12.16 05:26:24.674,0.90865,0.90893,1.00,4.50
2014.12.16 05:26:24.977,0.90865,0.90889,1.00,2.32
2014.12.16 05:26:25.481,0.9086,0.90889,1.00,2.32
2014.12.16 05:26:25.590,0.90858,0.90889,1.10,3.30
2014.12.16 05:26:26.043,0.9086,0.90888,1.00,1.15
2014.12.16 05:26:26.548,0.90859,0.90888,1.00,1.15
2014.12.16 05:26:27.797,0.90856,0.90888,1.87,1.15
2014.12.16 05:26:28.458,0.9086,0.90888,1.00,1.15
2014.12.16 05:26:29.859,0.90856,0.90888,1.87,1.15
2014.12.16 05:26:33.732,0.90859,0.90889,1.30,3.07
2014.12.16 05:26:34.086,0.9086,0.90886,1.00,2.32
2014.12.16 05:26:34.591,0.90862,0.90889,1.30,2.32
2014.12.16 05:26:34.692,0.90862,0.90892,1.12,1.15
2014.12.16 05:26:34.894,0.90863,0.90895,1.15,1.15
2014.12.16 05:26:35.291,0.90864,0.90892,1.30,2.32
2014.12.16 05:26:35.815,0.90863,0.90892,1.30,2.32
2014.12.16 05:26:36.323,0.90862,0.90892,1.80,2.32
2014.12.16 05:26:37.490,0.90865,0.90895,1.30,3.07
2014.12.16 05:26:37.894,0.90868,0.90895,1.72,2.32
2014.12.16 05:26:37.995,0.9087,0.90898,1.00,2.70
2014.12.16 05:26:45.150,0.90867,0.90898,1.10,2.32
2014.12.16 05:26:45.201,0.90867,0.90895,1.00,2.32
2014.12.16 05:26:47.137,0.90866,0.90895,1.00,2.32
2014.12.16 05:26:47.491,0.90866,0.9089,1.00,2.32
2014.12.16 05:26:47.693,0.90862,0.90888,1.00,2.32
2014.12.16 05:26:47.794,0.9086,0.90888,1.00,2.32
2014.12.16 05:26:48.463,0.90857,0.90888,1.10,2.32
2014.12.16 05:26:48.513,0.9086,0.90889,1.05,1.15
2014.12.16 05:26:48.816,0.90862,0.9089,1.00,2.32
2014.12.16 05:26:49.018,0.90861,0.90893,1.87,1.15
2014.12.16 05:26:49.321,0.90861,0.9089,1.00,2.32
2014.12.16 05:26:50.199,0.90859,0.9089,1.80,3.07
2014.12.16 05:26:50.401,0.9086,0.90887,1.00,4.50
2014.12.16 05:26:52.116,0.90859,0.90887,1.50,4.50
2014.12.16 05:26:52.966,0.9086,0.90887,1.00,4.50
2014.12.16 05:26:55.206,0.9086,0.90889,1.50,2.32
2014.12.16 05:26:56.690,0.90862,0.90889,1.00,2.32
2014.12.16 05:26:56.994,0.90865,0.90889,1.00,2.32
2014.12.16 05:26:57.045,0.90864,0.90893,1.00,2.32
2014.12.16 05:26:57.146,0.9087,0.90893,1.00,2.32
2014.12.16 05:26:57.701,0.90869,0.90893,1.00,2.32
2014.12.16 05:26:58.404,0.9087,0.90893,1.00,2.32
2014.12.16 05:27:00.005,0.90869,0.90893,1.00,2.32
2014.12.16 05:27:00.679,0.9087,0.90893,1.00,2.32
2014.12.16 05:27:01.143,0.90867,0.90893,1.00,2.32
2014.12.16 05:27:01.356,0.90869,0.90893,1.00,2.32
2014.12.16 05:27:01.861,0.90868,0.90893,1.00,2.32
2014.12.16 05:27:02.172,0.9087,0.90893,1.00,2.32
2014.12.16 05:27:02.223,0.9087,0.90896,1.00,3.30
2014.12.16 05:27:04.117,0.90869,0.90896,1.00,2.32
2014.12.16 05:27:04.218,0.90868,0.90894,1.00,2.32
2014.12.16 05:27:04.319,0.90865,0.90894,1.72,4.50
2014.12.16 05:27:04.420,0.90865,0.90889,1.00,2.32
2014.12.16 05:27:04.521,0.90862,0.90889,1.00,2.32
2014.12.16 05:27:05.051,0.9086,0.90889,1.00,2.32
2014.12.16 05:27:21.283,0.90861,0.90889,1.30,2.32
2014.12.16 05:27:21.434,0.90862,0.90893,1.05,3.07
2014.12.16 05:27:21.486,0.90864,0.90893,1.00,2.32
2014.12.16 05:27:24.247,0.90864,0.90889,1.00,2.32
2014.12.16 05:27:24.550,0.90861,0.90886,1.00,2.32
2014.12.16 05:27:24.651,0.90858,0.90886,1.00,2.32
2014.12.16 05:27:25.156,0.90857,0.90886,1.00,2.32
2014.12.16 05:27:25.729,0.90856,0.90886,1.00,2.32
2014.12.16 05:27:26.240,0.90855,0.90885,1.57,1.45
2014.12.16 05:27:39.745,0.90857,0.90886,1.00,3.30
2014.12.16 05:27:45.274,0.90857,0.90885,1.00,2.32
2014.12.16 05:27:52.613,0.90856,0.90885,1.00,2.32
2014.12.16 05:28:02.519,0.90857,0.90885,1.00,2.32
2014.12.16 05:28:03.798,0.90855,0.90885,1.00,2.32
2014.12.16 05:28:04.710,0.90856,0.90885,1.00,2.32
2014.12.16 05:28:05.877,0.90855,0.90885,1.50,2.32
2014.12.16 05:28:15.239,0.90855,0.90883,1.50,2.32
2014.12.16 05:28:22.032,0.90855,0.90884,2.55,2.32
2014.12.16 05:28:22.082,0.90855,0.90886,2.55,3.07
2014.12.16 05:28:22.183,0.90857,0.90886,1.00,3.07
2014.12.16 05:28:22.385,0.90858,0.90888,1.10,1.45
2014.12.16 05:28:22.436,0.9086,0.90889,1.37,1.15
2014.12.16 05:28:22.739,0.9086,0.90882,1.00,2.32
2014.12.16 05:28:22.890,0.90855,0.90882,1.00,2.32
2014.12.16 05:28:22.941,0.90854,0.9088,1.00,2.32
2014.12.16 05:28:22.991,0.9085,0.9088,1.00,4.50
2014.12.16 05:28:23.445,0.9085,0.90875,1.00,2.32
2014.12.16 05:28:23.907,0.9085,0.90878,1.60,1.15
2014.12.16 05:28:24.008,0.9085,0.90878,2.47,1.15
2014.12.16 05:28:24.160,0.90849,0.90878,1.37,3.07
2014.12.16 05:28:24.211,0.90847,0.90878,1.10,4.05
2014.12.16 05:28:25.387,0.90848,0.90876,1.30,1.15
2014.12.16 05:28:25.438,0.90848,0.90876,1.37,1.15
2014.12.16 05:28:25.488,0.90848,0.90878,1.45,1.15
2014.12.16 05:28:25.741,0.90851,0.90878,1.37,1.15
2014.12.16 05:28:26.277,0.90852,0.90879,1.12,1.15
2014.12.16 05:28:26.583,0.90854,0.90879,1.45,1.00
2014.12.16 05:28:26.888,0.90855,0.90884,1.87,1.15
2014.12.16 05:28:29.170,0.90854,0.90881,1.37,1.07
2014.12.16 05:28:29.725,0.90856,0.90884,1.30,3.07
2014.12.16 05:28:30.046,0.9086,0.90884,1.00,1.15
2014.12.16 05:28:30.147,0.9086,0.90884,1.00,1.15
2014.12.16 05:28:39.832,0.90855,0.90885,2.62,1.15
2014.12.16 05:28:39.883,0.90855,0.90884,1.72,5.25
2014.12.16 05:28:40.186,0.9086,0.90884,1.00,5.25
2014.12.16 05:28:41.941,0.90859,0.90884,1.00,5.25
2014.12.16 05:28:42.445,0.9086,0.90884,1.00,4.50
2014.12.16 05:28:45.300,0.9086,0.90882,1.00,4.50
2014.12.16 05:28:45.503,0.9086,0.90884,1.00,3.07
2014.12.16 05:28:48.843,0.90855,0.90883,1.00,1.82
2014.12.16 05:28:48.894,0.90855,0.9088,1.00,2.92
2014.12.16 05:28:49.398,0.9085,0.90877,1.00,1.15
2014.12.16 05:28:49.627,0.90855,0.90877,1.00,1.15
2014.12.16 05:28:49.978,0.9085,0.90877,1.00,1.15
2014.12.16 05:28:50.088,0.90854,0.90877,1.00,1.15
2014.12.16 05:28:50.593,0.90855,0.90877,1.00,1.15
2014.12.16 05:28:57.212,0.90854,0.90877,1.00,1.15
2014.12.16 05:29:00.056,0.90855,0.90877,1.00,1.15
2014.12.16 05:29:00.208,0.90855,0.9088,1.00,1.45
2014.12.16 05:29:00.309,0.90856,0.90887,1.80,3.07
2014.12.16 05:29:00.359,0.90858,0.90887,1.00,3.07
2014.12.16 05:29:00.873,0.9086,0.90887,1.00,2.32
2014.12.16 05:29:02.035,0.90859,0.90887,1.00,2.32
2014.12.16 05:29:02.589,0.9086,0.90887,1.00,2.32
2014.12.16 05:29:05.138,0.90858,0.90887,1.00,2.32
2014.12.16 05:29:05.749,0.90857,0.90886,1.00,1.45
2014.12.16 05:29:15.030,0.9086,0.90886,1.00,1.45
2014.12.16 05:29:15.169,0.90857,0.90886,1.00,1.45
2014.12.16 05:29:16.292,0.90858,0.90886,1.00,1.87
2014.12.16 05:29:18.160,0.90859,0.90887,1.00,3.30
2014.12.16 05:29:18.564,0.90859,0.90884,1.00,3.30
2014.12.16 05:29:18.614,0.90855,0.90884,1.00,3.30
2014.12.16 05:29:19.069,0.90855,0.90881,1.00,3.30
2014.12.16 05:29:19.170,0.90851,0.90881,1.00,3.30
2014.12.16 05:29:19.271,0.90852,0.90882,1.07,2.32
2014.12.16 05:29:19.574,0.90855,0.90882,1.00,1.87
2014.12.16 05:29:19.775,0.90852,0.90882,1.17,1.45
2014.12.16 05:29:19.877,0.90855,0.90882,1.00,1.45
2014.12.16 05:29:26.840,0.90855,0.90882,1.00,3.30
2014.12.16 05:29:27.144,0.9085,0.90876,1.00,2.32
2014.12.16 05:29:32.696,0.90849,0.90876,1.00,2.32
2014.12.16 05:29:32.898,0.90846,0.90874,1.00,1.15
2014.12.16 05:29:33.151,0.90845,0.90873,1.10,2.32
2014.12.16 05:29:33.666,0.90845,0.90871,1.00,1.15
2014.12.16 05:29:33.868,0.90841,0.90869,1.00,2.32
2014.12.16 05:29:34.070,0.90836,0.90866,1.15,1.15
2014.12.16 05:29:39.758,0.9083,0.90862,1.65,1.65
2014.12.16 05:29:39.909,0.9083,0.9086,1.15,1.10
2014.12.16 05:29:40.010,0.9083,0.9086,1.15,1.15
2014.12.16 05:29:40.465,0.9083,0.90861,1.15,1.15
2014.12.16 05:29:40.616,0.90831,0.90862,4.05,1.10
2014.12.16 05:29:40.868,0.90835,0.90865,2.32,1.17
2014.12.16 05:29:40.919,0.90837,0.90866,1.45,1.17
2014.12.16 05:29:42.847,0.90841,0.90869,1.10,1.50
2014.12.16 05:29:43.100,0.90836,0.90865,1.15,1.45
2014.12.16 05:29:43.453,0.90838,0.90867,1.12,1.15
2014.12.16 05:29:43.504,0.90838,0.90867,1.45,1.15
2014.12.16 05:29:44.144,0.9084,0.90867,1.07,1.15
2014.12.16 05:29:44.524,0.90837,0.90866,1.12,1.15
2014.12.16 05:29:59.964,0.90833,0.90861,1.45,1.00
2014.12.16 05:30:00.650,0.90832,0.90862,4.05,1.00
2014.12.16 05:30:10.853,0.90836,0.90865,1.45,1.15
2014.12.16 05:30:18.606,0.9084,0.90864,1.00,1.20
2014.12.16 05:30:18.909,0.90843,0.90869,1.30,1.15
2014.12.16 05:30:19.631,0.90843,0.90871,1.37,1.15
2014.12.16 05:30:19.681,0.90843,0.90871,1.45,1.17
2014.12.16 05:30:29.215,0.90845,0.90872,1.12,1.42
2014.12.16 05:30:29.265,0.90845,0.90872,1.45,1.35
2014.12.16 05:30:29.568,0.90845,0.9087,1.10,1.10
2014.12.16 05:30:29.719,0.9085,0.9087,1.00,1.10
2014.12.16 05:30:29.820,0.90845,0.90874,1.10,1.15
2014.12.16 05:30:30.072,0.9085,0.90873,1.00,1.15
2014.12.16 05:30:30.375,0.90845,0.90873,1.10,1.15
2014.12.16 05:30:31.159,0.9085,0.90872,1.00,1.15
2014.12.16 05:30:31.905,0.90845,0.90875,1.10,1.15
2014.12.16 05:30:43.724,0.90847,0.90875,1.00,1.45
2014.12.16 05:30:50.407,0.90847,0.90875,1.00,3.30
2014.12.16 05:31:05.069,0.90848,0.90875,1.00,2.32
2014.12.16 05:31:11.458,0.90848,0.90876,1.00,2.32
2014.12.16 05:31:17.975,0.90847,0.90874,1.00,1.45
2014.12.16 05:31:18.154,0.90844,0.90874,1.17,1.45
2014.12.16 05:31:20.018,0.90847,0.90875,1.30,1.15
2014.12.16 05:31:20.320,0.90842,0.9087,1.00,3.30
2014.12.16 05:31:20.371,0.90844,0.9087,1.00,1.12
2014.12.16 05:31:20.522,0.90844,0.9087,1.00,1.45
2014.12.16 05:31:20.825,0.90846,0.90872,1.00,5.47
2014.12.16 05:31:20.977,0.90846,0.90874,1.00,1.45
2014.12.16 05:31:21.920,0.90848,0.90875,1.00,2.32
2014.12.16 05:31:21.971,0.90848,0.90878,1.10,1.87
2014.12.16 05:31:22.022,0.9085,0.90878,1.00,1.45
2014.12.16 05:31:22.123,0.90846,0.90878,1.87,1.15
2014.12.16 05:31:22.223,0.90846,0.90873,1.07,1.12
2014.12.16 05:31:22.274,0.90845,0.90873,1.10,1.45
2014.12.16 05:31:22.325,0.90844,0.9087,1.07,1.12
2014.12.16 05:31:22.376,0.90843,0.9087,1.00,1.45
2014.12.16 05:31:22.922,0.9084,0.90869,1.00,1.45
2014.12.16 05:31:22.974,0.90843,0.90871,1.30,1.15
2014.12.16 05:31:23.075,0.9084,0.90869,1.45,1.00
2014.12.16 05:31:23.125,0.90844,0.90872,1.00,1.12
2014.12.16 05:31:23.680,0.90847,0.90873,1.00,1.45
2014.12.16 05:31:24.360,0.90847,0.90874,1.00,1.30
2014.12.16 05:31:24.512,0.90849,0.90877,1.30,1.07
2014.12.16 05:31:24.764,0.90848,0.90877,1.12,1.00
2014.12.16 05:31:25.269,0.90846,0.90876,1.87,1.72
2014.12.16 05:31:25.370,0.90846,0.90876,1.80,1.80
2014.12.16 05:31:25.471,0.90846,0.90876,1.72,1.87
2014.12.16 05:31:39.673,0.90846,0.90873,1.00,1.45
2014.12.16 05:31:40.330,0.90845,0.90871,1.00,1.12
2014.12.16 05:31:45.108,0.90844,0.90871,1.00,1.12
2014.12.16 05:31:50.640,0.90845,0.90871,1.00,1.12
2014.12.16 05:31:53.574,0.90844,0.90871,1.00,1.12
2014.12.16 05:31:54.575,0.90843,0.90871,1.00,1.12
2014.12.16 05:31:55.030,0.90841,0.90869,1.10,1.30
2014.12.16 05:31:56.310,0.90841,0.9087,1.80,1.00
2014.12.16 05:31:56.411,0.90845,0.90872,1.10,1.72
2014.12.16 05:31:56.816,0.90845,0.90873,1.07,1.72
2014.12.16 05:31:57.320,0.90845,0.90874,2.62,1.00
2014.12.16 05:32:02.379,0.90847,0.90875,1.45,1.00
2014.12.16 05:32:02.480,0.90846,0.90874,1.00,1.05
2014.12.16 05:32:02.581,0.90846,0.90872,1.00,1.30
2014.12.16 05:32:02.884,0.90842,0.90869,1.45,1.00
2014.12.16 05:32:03.088,0.90842,0.90871,1.00,1.87
2014.12.16 05:32:03.290,0.9084,0.90868,1.87,1.00
2014.12.16 05:32:03.593,0.9084,0.90867,1.15,1.00
2014.12.16 05:32:03.845,0.90845,0.90872,1.15,1.00
2014.12.16 05:32:04.380,0.90846,0.90873,1.45,1.00
2014.12.16 05:32:05.059,0.90845,0.90872,1.10,1.00
2014.12.16 05:32:05.261,0.9084,0.90868,1.87,1.00
2014.12.16 05:32:05.463,0.9084,0.90868,1.20,1.00
2014.12.16 05:32:05.861,0.9084,0.90867,1.00,1.17
2014.12.16 05:32:06.012,0.90837,0.90865,1.10,1.30
2014.12.16 05:32:06.527,0.90836,0.90864,1.17,1.30
2014.12.16 05:32:07.309,0.90836,0.90864,1.07,1.37
2014.12.16 05:32:07.461,0.90835,0.90863,1.50,1.17
2014.12.16 05:32:08.058,0.90834,0.90862,1.10,1.10
2014.12.16 05:32:21.266,0.90835,0.90863,1.37,1.10
2014.12.16 05:32:21.771,0.90837,0.90864,1.12,1.00
2014.12.16 05:32:22.279,0.90837,0.90865,1.12,1.00
2014.12.16 05:32:22.584,0.9084,0.90865,1.45,1.00
2014.12.16 05:32:27.082,0.90838,0.90865,1.37,1.00
2014.12.16 05:32:27.132,0.90837,0.90864,1.05,1.00
2014.12.16 05:32:27.334,0.90835,0.90862,1.15,1.30
2014.12.16 05:32:27.655,0.90832,0.90859,1.45,1.00
2014.12.16 05:32:33.182,0.90832,0.90859,1.45,1.00
2014.12.16 05:32:33.233,0.90832,0.90859,1.12,1.00
2014.12.16 05:32:33.334,0.90829,0.90858,1.57,1.10
2014.12.16 05:32:33.435,0.90829,0.90854,1.10,1.00
2014.12.16 05:32:33.838,0.90827,0.90856,1.15,1.72
2014.12.16 05:32:33.990,0.90826,0.90854,1.15,1.00
2014.12.16 05:32:34.292,0.90827,0.90856,1.15,1.72
2014.12.16 05:32:34.796,0.9083,0.90857,1.00,1.00
2014.12.16 05:32:34.998,0.9083,0.90857,1.07,1.00
2014.12.16 05:32:37.837,0.9083,0.90856,1.15,1.00
2014.12.16 05:32:38.139,0.9083,0.90858,1.15,1.00
2014.12.16 05:32:39.668,0.90831,0.9086,1.15,1.50
2014.12.16 05:32:39.769,0.90831,0.90858,1.15,1.30
2014.12.16 05:32:40.071,0.9083,0.90856,1.15,1.00
2014.12.16 05:32:40.715,0.90828,0.90856,1.15,1.00
2014.12.16 05:32:40.767,0.90828,0.90856,1.17,1.72
2014.12.16 05:32:40.918,0.90825,0.90852,1.15,1.00
2014.12.16 05:32:41.120,0.90826,0.90855,1.15,1.00
2014.12.16 05:32:41.323,0.90825,0.90853,1.15,1.00
2014.12.16 05:32:42.750,0.90825,0.90854,1.65,1.00
2014.12.16 05:32:43.111,0.90823,0.90851,2.32,1.00
2014.12.16 05:32:43.616,0.90823,0.90852,3.07,1.00
2014.12.16 05:32:44.405,0.90824,0.90853,1.15,1.00
2014.12.16 05:32:44.758,0.90826,0.90855,1.15,1.00
2014.12.16 05:32:44.859,0.90823,0.90852,3.07,1.00
2014.12.16 05:32:44.910,0.90823,0.90852,1.15,1.00
2014.12.16 05:32:44.961,0.9082,0.9085,1.65,1.00
2014.12.16 05:32:45.011,0.9082,0.9085,1.65,1.10
2014.12.16 05:32:45.214,0.90819,0.90848,1.15,1.00
2014.12.16 05:32:45.869,0.90821,0.9085,1.17,1.80
2014.12.16 05:32:48.824,0.90821,0.9085,1.15,1.00
2014.12.16 05:32:52.198,0.90826,0.9085,1.30,1.00
2014.12.16 05:32:52.248,0.90827,0.90857,1.00,1.15
2014.12.16 05:32:52.299,0.90827,0.90857,1.15,1.10
2014.12.16 05:32:52.804,0.90827,0.90856,1.45,1.00
2014.12.16 05:32:56.484,0.9083,0.90856,1.30,1.00
2014.12.16 05:32:57.033,0.90828,0.90858,1.12,1.17
2014.12.16 05:32:58.471,0.9083,0.90857,1.30,1.10
2014.12.16 05:32:59.180,0.90831,0.90857,1.30,1.10
2014.12.16 05:32:59.729,0.9083,0.90857,1.30,1.10
2014.12.16 05:33:01.092,0.90829,0.90857,1.05,1.10
2014.12.16 05:33:01.607,0.9083,0.90857,1.30,1.10
2014.12.16 05:33:05.614,0.90828,0.90857,1.12,1.10
2014.12.16 05:33:06.151,0.9083,0.90857,1.30,1.10
2014.12.16 05:33:07.031,0.90831,0.90857,1.30,1.10
2014.12.16 05:33:07.485,0.90829,0.90857,1.05,1.10
2014.12.16 05:33:07.637,0.90828,0.90855,1.12,1.00
2014.12.16 05:33:08.158,0.90826,0.90856,1.87,1.00
2014.12.16 05:33:09.407,0.90827,0.90857,1.15,1.10
2014.12.16 05:33:10.030,0.90828,0.90856,1.12,1.00
2014.12.16 05:33:13.351,0.90831,0.90856,1.30,1.00
2014.12.16 05:33:13.867,0.90831,0.90857,1.30,1.00
2014.12.16 05:33:14.324,0.9083,0.90855,1.30,1.00
2014.12.16 05:33:14.627,0.9083,0.90853,1.30,1.00
2014.12.16 05:33:15.191,0.90829,0.90853,1.05,1.00
2014.12.16 05:33:15.493,0.90831,0.90854,1.30,1.00
2014.12.16 05:33:15.746,0.90832,0.90856,1.30,1.00
2014.12.16 05:33:15.898,0.90832,0.90858,1.30,1.10
2014.12.16 05:33:16.634,0.90831,0.90858,1.30,1.10
2014.12.16 05:33:22.659,0.90832,0.90858,1.30,1.10
2014.12.16 05:33:25.292,0.90831,0.90858,1.30,1.10
2014.12.16 05:33:25.648,0.90829,0.90858,1.05,1.10
2014.12.16 05:33:25.800,0.90827,0.90856,1.45,1.00
2014.12.16 05:33:26.333,0.90829,0.90855,1.05,1.00
2014.12.16 05:33:37.817,0.90826,0.90855,1.05,1.17
2014.12.16 05:33:38.411,0.90827,0.90853,1.30,1.00
2014.12.16 05:33:40.910,0.90826,0.90853,1.05,1.00
2014.12.16 05:33:42.803,0.90827,0.90853,1.30,1.00
2014.12.16 05:33:43.372,0.90827,0.90851,1.30,1.00
2014.12.16 05:33:44.024,0.90826,0.90851,1.05,1.00
2014.12.16 05:33:48.520,0.90827,0.90851,1.30,1.00
2014.12.16 05:33:49.027,0.90825,0.90851,1.12,1.00
2014.12.16 05:33:55.911,0.90827,0.90852,1.30,1.00
2014.12.16 05:33:56.441,0.90827,0.90853,1.30,1.00
2014.12.16 05:33:56.972,0.90827,0.90852,1.30,1.00
2014.12.16 05:34:00.201,0.90827,0.90853,1.05,1.00
2014.12.16 05:34:01.611,0.90825,0.90851,1.87,1.00
2014.12.16 05:34:02.280,0.90828,0.90851,1.30,1.00
2014.12.16 05:34:03.590,0.90828,0.90853,1.30,1.00
2014.12.16 05:34:04.364,0.90829,0.90853,1.30,1.00
2014.12.16 05:34:04.871,0.9083,0.90853,1.72,1.00
2014.12.16 05:34:10.414,0.90832,0.90853,1.30,1.00
2014.12.16 05:34:10.516,0.9083,0.90853,1.72,1.00
2014.12.16 05:34:11.091,0.90829,0.90853,1.30,1.00
2014.12.16 05:34:11.714,0.90827,0.90853,1.05,1.00
2014.12.16 05:34:12.068,0.90826,0.90851,1.12,1.00
2014.12.16 05:34:12.370,0.90825,0.90848,1.30,1.00
2014.12.16 05:34:12.899,0.90824,0.90849,1.30,1.00
2014.12.16 05:34:13.408,0.90824,0.9085,1.30,1.00
2014.12.16 05:34:13.918,0.90824,0.90849,1.30,1.00
2014.12.16 05:34:14.420,0.90824,0.9085,1.30,1.00
2014.12.16 05:34:14.954,0.90825,0.9085,1.30,1.00
2014.12.16 05:34:15.257,0.90826,0.9085,1.12,1.00
2014.12.16 05:34:16.042,0.90825,0.90849,1.45,1.00
2014.12.16 05:34:19.550,0.90828,0.9085,1.30,1.00
2014.12.16 05:34:19.874,0.90832,0.90858,1.30,1.00
2014.12.16 05:34:19.975,0.90827,0.90857,1.10,1.45
2014.12.16 05:34:21.063,0.90825,0.90855,1.07,1.07
2014.12.16 05:34:21.688,0.90825,0.90855,1.00,1.15
2014.12.16 05:34:24.059,0.90824,0.90854,1.72,1.87
2014.12.16 05:34:24.937,0.90822,0.90852,1.12,1.87
2014.12.16 05:34:25.190,0.90819,0.90847,1.45,1.00
2014.12.16 05:34:25.703,0.90823,0.90847,1.30,1.00
2014.12.16 05:34:26.261,0.90821,0.90847,1.45,1.00
2014.12.16 05:34:26.780,0.9082,0.90847,1.30,1.00
2014.12.16 05:34:26.932,0.90822,0.90847,1.30,1.00
2014.12.16 05:34:29.577,0.90822,0.90847,1.37,1.00
2014.12.16 05:34:29.779,0.90824,0.90851,1.05,1.00
2014.12.16 05:34:30.288,0.90825,0.90852,1.30,1.00
2014.12.16 05:34:32.279,0.90824,0.90852,1.05,1.00
2014.12.16 05:34:32.940,0.90825,0.90852,1.30,1.00
2014.12.16 05:34:33.271,0.90827,0.90852,1.30,1.00
2014.12.16 05:34:33.523,0.90825,0.90852,1.30,1.00
2014.12.16 05:34:33.989,0.90824,0.90849,1.05,1.00
2014.12.16 05:34:34.191,0.9082,0.9085,2.55,1.15
2014.12.16 05:34:34.855,0.90821,0.90849,1.30,1.17
2014.12.16 05:34:35.107,0.90821,0.90848,1.37,1.00
2014.12.16 05:34:35.309,0.90825,0.90852,1.30,1.10
2014.12.16 05:34:36.153,0.90826,0.90852,1.30,1.10
2014.12.16 05:34:36.506,0.90825,0.9085,1.00,1.00
2014.12.16 05:34:36.809,0.90825,0.90848,1.00,1.00
2014.12.16 05:34:36.860,0.90821,0.90848,1.45,1.00
2014.12.16 05:34:37.062,0.90822,0.9085,1.12,1.00
2014.12.16 05:34:37.374,0.90821,0.90848,1.45,1.00
2014.12.16 05:34:37.678,0.90825,0.9085,1.00,1.00
2014.12.16 05:34:37.830,0.90823,0.90849,1.05,1.00
2014.12.16 05:34:38.340,0.90824,0.90849,1.30,1.00
2014.12.16 05:34:40.881,0.90821,0.90851,2.25,1.00
2014.12.16 05:34:41.033,0.90823,0.90851,1.45,1.00
2014.12.16 05:34:41.134,0.90823,0.90854,1.50,1.00
2014.12.16 05:34:41.440,0.90826,0.90856,1.17,1.10
2014.12.16 05:34:41.948,0.90828,0.90856,1.30,1.10
2014.12.16 05:34:45.505,0.9083,0.90857,1.30,1.17
2014.12.16 05:34:45.963,0.90832,0.90858,1.30,1.15
2014.12.16 05:34:49.730,0.90832,0.9086,1.12,1.00
2014.12.16 05:34:50.235,0.90832,0.90862,1.87,1.10
2014.12.16 05:34:52.419,0.90833,0.90866,1.87,1.00
2014.12.16 05:34:53.022,0.90833,0.90865,1.15,1.00
2014.12.16 05:34:53.649,0.90832,0.90862,1.87,1.00
2014.12.16 05:34:54.366,0.90831,0.90862,1.15,1.10
2014.12.16 05:34:55.735,0.90834,0.90864,1.45,1.00
2014.12.16 05:34:56.196,0.90833,0.90862,1.45,1.00
2014.12.16 05:34:56.649,0.90835,0.90864,1.15,1.00
2014.12.16 05:34:57.944,0.90836,0.90863,1.12,1.00
2014.12.16 05:34:59.075,0.90836,0.90863,1.30,1.17
2014.12.16 05:35:00.045,0.90835,0.90862,1.30,1.10
2014.12.16 05:35:01.127,0.90833,0.90862,1.05,1.10
2014.12.16 05:35:01.677,0.90833,0.90861,1.05,1.00
2014.12.16 05:35:02.181,0.90832,0.9086,1.12,1.00
2014.12.16 05:35:02.686,0.90834,0.90861,1.30,1.00
2014.12.16 05:35:03.520,0.90836,0.90861,1.30,1.00
2014.12.16 05:35:04.066,0.90836,0.90862,1.30,1.10
2014.12.16 05:35:08.035,0.90835,0.90862,1.30,1.10
2014.12.16 05:35:08.389,0.90835,0.90862,1.00,1.15
2014.12.16 05:35:08.439,0.90833,0.90862,1.00,1.15
2014.12.16 05:35:12.153,0.90832,0.90862,1.00,1.15
2014.12.16 05:35:13.613,0.90832,0.90862,1.07,1.57
2014.12.16 05:35:13.764,0.9083,0.90858,1.05,1.00
2014.12.16 05:35:14.300,0.9083,0.90861,1.05,1.87
2014.12.16 05:35:14.804,0.90831,0.90861,1.00,1.65
2014.12.16 05:35:16.010,0.9083,0.9086,1.10,1.17
2014.12.16 05:35:16.112,0.90827,0.90857,1.15,1.00
2014.12.16 05:35:16.314,0.90824,0.90854,1.15,1.00
2014.12.16 05:35:16.818,0.90825,0.90855,1.17,1.10
2014.12.16 05:35:17.320,0.90824,0.90854,1.15,1.00
2014.12.16 05:35:18.295,0.90824,0.90856,1.87,1.27
2014.12.16 05:35:22.855,0.90825,0.90856,1.45,1.07
2014.12.16 05:35:23.159,0.90833,0.90858,1.00,1.00
2014.12.16 05:35:23.262,0.90829,0.90858,1.87,1.00
2014.12.16 05:35:23.478,0.90829,0.90858,1.45,1.00
2014.12.16 05:35:23.530,0.90832,0.90862,1.15,1.00
2014.12.16 05:35:31.925,0.90831,0.90863,1.15,1.00
2014.12.16 05:35:34.439,0.90831,0.90863,1.10,1.15
2014.12.16 05:35:34.961,0.90832,0.90862,1.00,1.15
2014.12.16 05:35:35.364,0.90833,0.90863,1.07,1.07
2014.12.16 05:35:35.415,0.90833,0.90863,1.15,1.00
2014.12.16 05:35:41.093,0.90833,0.90863,1.07,1.07
2014.12.16 05:35:41.143,0.90833,0.90863,1.00,1.15
2014.12.16 05:35:41.194,0.90833,0.90863,1.00,1.15
2014.12.16 05:35:43.462,0.90834,0.90863,1.00,1.15
2014.12.16 05:35:43.966,0.90832,0.90864,1.17,1.15
2014.12.16 05:35:44.478,0.90834,0.90864,1.00,1.15
2014.12.16 05:35:48.769,0.90835,0.90865,1.00,1.15
2014.12.16 05:35:50.653,0.90835,0.90865,1.07,1.07
2014.12.16 05:35:50.754,0.90838,0.90868,1.00,1.15
2014.12.16 05:35:51.387,0.90837,0.90867,1.10,1.17
2014.12.16 05:35:51.924,0.90835,0.90865,1.15,1.00
2014.12.16 05:35:53.698,0.90834,0.90864,1.15,1.00
2014.12.16 05:35:57.739,0.90834,0.90864,1.07,1.07
2014.12.16 05:35:57.840,0.90834,0.90864,1.00,1.15
2014.12.16 05:35:58.358,0.90832,0.90862,1.17,1.10
2014.12.16 05:35:59.989,0.90834,0.90864,1.50,1.15
2014.12.16 05:36:00.493,0.90835,0.90865,1.00,1.15
2014.12.16 05:36:02.718,0.90836,0.90867,1.00,1.15
2014.12.16 05:36:03.709,0.90834,0.90865,1.00,1.87
2014.12.16 05:36:03.760,0.90834,0.90865,1.00,4.42
2014.12.16 05:36:03.861,0.90828,0.90859,1.15,1.20
2014.12.16 05:36:04.265,0.90831,0.90861,1.00,1.15
2014.12.16 05:36:04.719,0.90828,0.90856,1.45,1.00
2014.12.16 05:36:05.023,0.90831,0.90858,1.30,1.00
2014.12.16 05:36:06.287,0.90831,0.90858,1.37,1.00
2014.12.16 05:36:06.556,0.90834,0.90861,1.30,1.00
2014.12.16 05:36:06.860,0.90835,0.90864,1.37,1.07
2014.12.16 05:36:06.911,0.90837,0.90866,1.12,1.00
2014.12.16 05:36:07.442,0.90837,0.90865,1.12,1.00
2014.12.16 05:36:07.594,0.90836,0.90865,1.30,1.27
2014.12.16 05:36:07.796,0.9083,0.9086,1.30,1.87
2014.12.16 05:36:07.897,0.9083,0.9086,1.45,1.72
2014.12.16 05:36:08.199,0.90831,0.90861,2.32,1.00
2014.12.16 05:36:08.250,0.90833,0.90864,1.15,1.00
2014.12.16 05:36:08.401,0.90833,0.90864,1.00,1.15
2014.12.16 05:36:08.906,0.90829,0.9086,1.15,1.00
2014.12.16 05:36:09.209,0.90827,0.90858,1.87,1.00
2014.12.16 05:36:09.410,0.90827,0.90858,1.87,1.17
2014.12.16 05:36:10.845,0.90827,0.90858,1.17,1.77
2014.12.16 05:36:11.147,0.9082,0.90847,1.00,1.12
2014.12.16 05:36:11.198,0.9082,0.90851,2.55,2.17
2014.12.16 05:36:11.702,0.90822,0.90853,1.72,1.87
2014.12.16 05:36:12.055,0.90825,0.90853,1.30,1.15
2014.12.16 05:36:12.106,0.90825,0.90853,1.05,1.17
2014.12.16 05:36:12.408,0.90827,0.90853,1.37,1.00
2014.12.16 05:36:12.509,0.90827,0.90856,1.12,1.00
2014.12.16 05:36:13.019,0.90827,0.90858,1.12,1.87
2014.12.16 05:36:14.148,0.90829,0.90858,1.30,1.17
2014.12.16 05:36:14.652,0.90828,0.90858,1.05,1.65
2014.12.16 05:36:19.449,0.90826,0.90856,1.45,1.30
2014.12.16 05:36:19.550,0.90826,0.90854,1.45,1.00
2014.12.16 05:36:19.953,0.90824,0.90854,1.05,1.80
2014.12.16 05:36:28.547,0.90822,0.90852,1.87,1.30
2014.12.16 05:36:29.427,0.90821,0.90851,1.15,1.30
2014.12.16 05:36:30.694,0.90818,0.90849,1.15,1.10
2014.12.16 05:36:30.797,0.9082,0.90846,1.10,1.00
2014.12.16 05:36:30.898,0.90818,0.90849,1.15,1.57
2014.12.16 05:36:30.949,0.90818,0.90849,1.15,1.17
2014.12.16 05:36:31.453,0.90819,0.90851,1.87,1.87
2014.12.16 05:36:33.458,0.90818,0.90849,1.80,2.32
2014.12.16 05:36:33.559,0.90818,0.90848,1.72,2.32
2014.12.16 05:36:34.074,0.90819,0.90848,1.30,2.32
2014.12.16 05:36:34.326,0.90817,0.90846,1.05,1.45
2014.12.16 05:36:34.428,0.90817,0.90844,1.30,2.32
2014.12.16 05:36:34.529,0.90814,0.90844,1.72,2.32
2014.12.16 05:36:34.629,0.90814,0.90847,1.15,2.32
2014.12.16 05:36:39.424,0.90814,0.90846,1.15,1.15
2014.12.16 05:36:39.475,0.90815,0.90847,1.15,1.15
2014.12.16 05:36:40.463,0.90821,0.90848,1.45,1.10
2014.12.16 05:36:43.838,0.90819,0.9085,1.17,3.67
2014.12.16 05:36:44.040,0.90816,0.90846,3.30,1.07
2014.12.16 05:36:44.090,0.90819,0.90847,1.45,1.10
2014.12.16 05:36:44.343,0.90817,0.90845,1.45,1.00
2014.12.16 05:36:44.494,0.90819,0.90845,1.30,1.15
2014.12.16 05:36:44.545,0.90819,0.90847,1.37,1.15
2014.12.16 05:36:44.596,0.90819,0.90847,1.45,1.17
2014.12.16 05:36:45.466,0.90819,0.90847,1.30,1.15
2014.12.16 05:36:46.545,0.9082,0.90847,1.00,1.15
2014.12.16 05:36:46.948,0.90817,0.90845,1.12,1.15
2014.12.16 05:36:47.150,0.90819,0.90845,1.30,1.15
2014.12.16 05:36:47.696,0.90818,0.90845,1.30,1.15
2014.12.16 05:36:48.136,0.9082,0.90845,1.00,1.15
2014.12.16 05:36:48.817,0.90819,0.90845,1.30,1.15
2014.12.16 05:36:49.366,0.9082,0.90845,1.00,1.15
2014.12.16 05:36:49.895,0.90821,0.90845,1.30,1.07
2014.12.16 05:36:50.198,0.90827,0.9085,1.30,1.17
2014.12.16 05:36:50.350,0.90827,0.90852,1.05,1.10
2014.12.16 05:36:50.703,0.90825,0.90853,1.07,1.15
2014.12.16 05:36:50.753,0.90825,0.90853,1.00,1.15
2014.12.16 05:36:51.208,0.90821,0.90853,1.80,2.32
2014.12.16 05:36:51.260,0.90821,0.90852,1.05,2.32
2014.12.16 05:36:51.311,0.90821,0.90852,1.12,2.32
2014.12.16 05:36:51.362,0.90823,0.90852,1.12,1.15
2014.12.16 05:36:51.564,0.90826,0.90853,1.30,1.15
2014.12.16 05:36:51.766,0.90823,0.90853,1.45,1.17
2014.12.16 05:36:54.677,0.90824,0.90854,1.05,1.45
2014.12.16 05:36:55.643,0.90825,0.90855,1.30,3.67
2014.12.16 05:36:56.859,0.90824,0.90855,1.05,3.30
2014.12.16 05:36:57.617,0.90825,0.90855,1.00,3.30
2014.12.16 05:36:58.161,0.90824,0.90853,1.10,1.45
2014.12.16 05:36:58.363,0.90821,0.90852,1.10,3.30
2014.12.16 05:36:58.665,0.90817,0.90847,1.05,1.45
2014.12.16 05:37:00.810,0.90814,0.90844,1.37,1.87
2014.12.16 05:37:00.911,0.9081,0.90844,2.62,4.05
2014.12.16 05:37:01.014,0.90813,0.90843,1.45,1.12
2014.12.16 05:37:02.352,0.90818,0.90845,1.30,1.15
2014.12.16 05:37:02.402,0.90818,0.90845,1.45,1.10
2014.12.16 05:37:02.705,0.90822,0.9085,1.30,1.15
2014.12.16 05:37:02.907,0.9082,0.9085,1.05,1.45
2014.12.16 05:37:03.496,0.90814,0.90846,1.45,1.15
2014.12.16 05:37:04.203,0.90814,0.90845,1.10,2.32
2014.12.16 05:37:09.496,0.90812,0.90846,3.07,1.15
2014.12.16 05:37:10.002,0.90812,0.90846,3.07,1.15
2014.12.16 05:37:13.026,0.90819,0.90848,1.30,2.32
2014.12.16 05:37:14.669,0.9082,0.90848,1.00,3.07
2014.12.16 05:37:15.532,0.9082,0.90848,1.17,1.15
2014.12.16 05:37:16.212,0.90822,0.90851,1.45,1.17
2014.12.16 05:37:16.515,0.90825,0.90852,1.15,1.00
2014.12.16 05:37:17.048,0.90825,0.90854,1.87,1.17
2014.12.16 05:37:21.082,0.9083,0.90857,1.00,1.87
2014.12.16 05:37:21.233,0.9083,0.90857,1.17,1.17
2014.12.16 05:37:22.682,0.90832,0.90857,1.30,1.17
2014.12.16 05:37:22.733,0.90835,0.90857,1.00,1.17
2014.12.16 05:37:23.036,0.90835,0.9086,1.10,1.17
2014.12.16 05:37:23.137,0.90835,0.9086,1.72,1.15
2014.12.16 05:37:23.440,0.90837,0.90865,1.30,3.30
2014.12.16 05:37:23.491,0.90835,0.90863,1.10,1.87
2014.12.16 05:37:23.844,0.9083,0.90861,1.87,1.15
2014.12.16 05:37:23.945,0.9083,0.90861,1.45,1.15
2014.12.16 05:37:24.820,0.90831,0.90863,1.45,3.07
2014.12.16 05:37:24.871,0.90831,0.90863,1.45,1.15
2014.12.16 05:37:25.224,0.9083,0.9086,1.15,1.87
2014.12.16 05:37:25.526,0.90827,0.90856,1.30,1.15
2014.12.16 05:37:26.105,0.90825,0.90857,1.45,1.45
2014.12.16 05:37:28.932,0.90825,0.90855,1.15,1.12
2014.12.16 05:37:31.640,0.9083,0.90861,1.87,1.87
2014.12.16 05:37:31.943,0.9083,0.90861,1.87,1.87
2014.12.16 05:37:32.094,0.9083,0.90861,1.87,1.87
2014.12.16 05:37:42.858,0.90834,0.90862,1.12,1.07
2014.12.16 05:37:43.374,0.90834,0.90862,1.45,1.00
2014.12.16 05:37:44.687,0.90835,0.90865,1.15,1.87
2014.12.16 05:37:46.037,0.90839,0.90866,1.30,1.15
2014.12.16 05:37:46.340,0.9084,0.90871,1.87,1.87
2014.12.16 05:37:46.908,0.90835,0.90866,1.87,1.87
2014.12.16 05:37:47.225,0.90835,0.90865,4.05,1.00
2014.12.16 05:37:47.531,0.90835,0.90863,4.05,1.00
2014.12.16 05:37:47.582,0.90837,0.90863,1.12,1.10
2014.12.16 05:37:48.145,0.90839,0.90866,1.00,1.87
2014.12.16 05:37:49.364,0.9084,0.90866,1.00,1.15
2014.12.16 05:37:49.566,0.9084,0.90866,1.00,1.87
2014.12.16 05:37:50.195,0.9084,0.90865,1.00,1.15
2014.12.16 05:37:52.865,0.9084,0.90864,1.00,1.15
2014.12.16 05:37:52.966,0.90835,0.90864,1.00,3.07
2014.12.16 05:37:53.373,0.90837,0.90859,1.30,1.17
2014.12.16 05:37:53.525,0.90835,0.90864,1.17,1.87
2014.12.16 05:37:53.782,0.90835,0.90861,1.07,1.17
2014.12.16 05:37:54.136,0.90835,0.9086,1.00,1.15
2014.12.16 05:37:54.595,0.9083,0.90859,1.80,1.15
2014.12.16 05:37:56.462,0.90831,0.90859,1.30,1.15
2014.12.16 05:37:56.906,0.90835,0.90859,1.00,1.15
2014.12.16 05:37:57.897,0.90831,0.90859,1.30,1.15
2014.12.16 05:38:01.427,0.90832,0.9086,1.30,1.15
2014.12.16 05:38:06.031,0.90831,0.90858,1.30,1.15
2014.12.16 05:38:06.082,0.90835,0.90858,1.00,1.15
2014.12.16 05:38:08.162,0.9084,0.9086,1.00,1.15
2014.12.16 05:38:08.465,0.90835,0.9086,1.00,1.15
2014.12.16 05:38:08.566,0.90833,0.90859,1.30,1.15
2014.12.16 05:38:08.668,0.9083,0.90859,1.57,1.87
2014.12.16 05:38:08.819,0.90834,0.90857,1.00,1.45
2014.12.16 05:38:09.071,0.90834,0.90859,1.00,1.15
2014.12.16 05:38:09.223,0.9083,0.90857,1.65,1.87
2014.12.16 05:38:09.324,0.90829,0.90857,1.07,1.87
2014.12.16 05:38:09.374,0.90829,0.90855,1.00,1.15
2014.12.16 05:38:09.889,0.9084,0.90857,1.00,1.80
2014.12.16 05:38:09.940,0.9084,0.90857,1.00,1.72
2014.12.16 05:38:09.991,0.9084,0.90868,1.00,2.32
2014.12.16 05:38:10.243,0.90835,0.90859,1.17,1.00
2014.12.16 05:38:10.546,0.90845,0.9087,1.00,5.47
2014.12.16 05:38:10.910,0.90839,0.9087,1.87,1.45
2014.12.16 05:38:11.062,0.90837,0.90867,1.12,1.45
2014.12.16 05:38:11.112,0.90835,0.90865,1.97,1.45
2014.12.16 05:38:11.163,0.90835,0.90865,1.65,1.45
2014.12.16 05:38:13.943,0.90835,0.90862,1.10,1.45
2014.12.16 05:38:15.373,0.90832,0.90862,1.72,1.45
2014.12.16 05:38:15.776,0.9083,0.90859,1.00,1.45
2014.12.16 05:38:16.199,0.90835,0.90858,1.00,1.45
2014.12.16 05:38:16.300,0.9083,0.90858,1.00,1.45
2014.12.16 05:38:16.506,0.90835,0.90859,1.00,1.45
2014.12.16 05:38:16.840,0.9083,0.9086,1.00,4.05
2014.12.16 05:38:17.276,0.9083,0.90857,1.00,3.30
2014.12.16 05:38:19.583,0.9083,0.90857,1.00,1.45
2014.12.16 05:38:20.378,0.90828,0.90857,1.50,1.45
2014.12.16 05:38:23.339,0.9083,0.90858,1.00,1.45
2014.12.16 05:38:23.490,0.9083,0.9086,1.15,1.87
2014.12.16 05:38:26.156,0.9083,0.90859,1.15,1.37
2014.12.16 05:38:26.207,0.9083,0.90861,1.87,1.15
2014.12.16 05:38:27.375,0.90829,0.90858,3.07,1.30
2014.12.16 05:38:27.576,0.90828,0.90858,1.50,1.12
2014.12.16 05:38:28.080,0.9083,0.90856,1.15,1.30
2014.12.16 05:38:28.610,0.9083,0.90859,1.15,1.45
2014.12.16 05:38:28.661,0.9083,0.90859,1.15,1.37
2014.12.16 05:38:28.712,0.9083,0.9086,4.80,1.30
2014.12.16 05:38:29.238,0.9083,0.90863,3.82,1.45
2014.12.16 05:38:30.495,0.90834,0.90864,2.32,1.10
2014.12.16 05:38:30.798,0.90829,0.90859,1.65,1.05
2014.12.16 05:38:31.050,0.9083,0.90856,1.15,1.30
2014.12.16 05:38:31.679,0.9083,0.90858,1.15,1.30
2014.12.16 05:38:31.881,0.90831,0.90858,2.32,1.30
2014.12.16 05:38:31.931,0.90831,0.9086,2.32,1.00
2014.12.16 05:38:32.133,0.90833,0.90862,1.45,1.10
2014.12.16 05:38:33.022,0.90833,0.90864,4.50,1.00
2014.12.16 05:38:33.324,0.90832,0.90864,1.15,1.15
2014.12.16 05:38:33.791,0.9083,0.90861,1.15,1.15
2014.12.16 05:38:34.094,0.90825,0.90854,1.15,1.12
2014.12.16 05:38:34.598,0.90826,0.90854,1.45,1.00
2014.12.16 05:38:35.103,0.90825,0.90855,1.87,1.00
2014.12.16 05:38:36.185,0.90825,0.90852,1.15,1.30
2014.12.16 05:38:37.020,0.90825,0.90852,1.15,1.05
2014.12.16 05:38:40.280,0.90825,0.90853,1.65,1.37
2014.12.16 05:38:40.381,0.90828,0.90857,1.45,1.15
2014.12.16 05:38:40.482,0.9083,0.90857,1.17,1.37
2014.12.16 05:38:40.532,0.9083,0.90857,1.15,1.30
2014.12.16 05:38:40.835,0.90827,0.90856,1.15,1.12
2014.12.16 05:38:40.886,0.90827,0.90856,1.15,1.37
2014.12.16 05:38:41.384,0.90827,0.90857,2.32,1.30
2014.12.16 05:38:41.789,0.9083,0.90861,1.87,1.37
2014.12.16 05:38:41.839,0.9083,0.90861,4.05,1.05
2014.12.16 05:38:42.454,0.9083,0.90861,3.07,1.12
2014.12.16 05:38:42.556,0.90829,0.90861,1.15,1.87
2014.12.16 05:38:42.961,0.90827,0.90859,3.07,1.87
2014.12.16 05:38:43.012,0.90827,0.90857,1.15,1.45
2014.12.16 05:38:44.395,0.90827,0.90855,1.07,1.12
2014.12.16 05:38:44.446,0.90826,0.90852,1.00,1.45
2014.12.16 05:38:45.101,0.90826,0.90856,1.07,3.30
2014.12.16 05:38:45.151,0.90826,0.90856,1.15,1.45
2014.12.16 05:38:46.680,0.90826,0.90855,1.07,1.45
2014.12.16 05:38:46.731,0.90826,0.90855,1.00,3.30
2014.12.16 05:38:47.035,0.90822,0.90851,2.32,1.30
2014.12.16 05:38:48.239,0.90821,0.90851,2.25,1.12
2014.12.16 05:38:49.907,0.90825,0.90854,1.50,1.12
2014.12.16 05:38:49.957,0.90826,0.90856,1.45,1.45
2014.12.16 05:38:50.058,0.90826,0.90856,1.45,1.05
2014.12.16 05:38:52.509,0.90827,0.90859,4.05,1.07
2014.12.16 05:38:52.560,0.90828,0.9086,3.07,1.12
2014.12.16 05:38:57.068,0.90828,0.9086,1.15,1.45
2014.12.16 05:38:57.471,0.9083,0.90862,1.45,1.15
2014.12.16 05:39:04.475,0.90833,0.90864,1.45,1.87
2014.12.16 05:39:05.541,0.90833,0.90864,1.37,1.87
2014.12.16 05:39:05.592,0.90832,0.90861,1.17,1.45
2014.12.16 05:39:06.269,0.90827,0.9086,1.87,1.87
2014.12.16 05:39:06.949,0.9083,0.9086,1.12,1.15
2014.12.16 05:39:07.000,0.9083,0.90861,1.15,1.15
2014.12.16 05:39:09.414,0.90832,0.90856,1.07,1.37
2014.12.16 05:39:09.516,0.9083,0.90858,1.50,1.45
2014.12.16 05:39:09.869,0.9083,0.90859,1.65,1.45
2014.12.16 05:39:10.323,0.90832,0.90863,1.17,3.07
2014.12.16 05:39:10.374,0.90832,0.90863,1.15,1.15
2014.12.16 05:39:11.222,0.90832,0.90863,3.07,1.07
2014.12.16 05:39:11.272,0.90834,0.90863,1.45,1.10
2014.12.16 05:39:11.323,0.90835,0.90863,2.32,1.10
2014.12.16 05:39:11.374,0.90836,0.90865,2.32,1.00
2014.12.16 05:39:12.452,0.90836,0.90865,2.32,1.07
2014.12.16 05:39:12.553,0.90834,0.90865,1.87,1.15
2014.12.16 05:39:17.254,0.90834,0.90865,1.17,1.87
2014.12.16 05:39:17.305,0.90833,0.90864,1.15,1.15
2014.12.16 05:39:17.786,0.90834,0.90865,1.87,1.15
2014.12.16 05:39:23.624,0.9084,0.90865,1.12,1.00
2014.12.16 05:39:23.927,0.90845,0.90874,1.00,1.45
2014.12.16 05:39:24.029,0.90841,0.90872,1.10,3.30
2014.12.16 05:39:24.231,0.9084,0.90869,1.00,3.30
2014.12.16 05:39:24.433,0.9084,0.90865,1.07,1.30
2014.12.16 05:39:24.937,0.90835,0.90866,3.30,1.80
2014.12.16 05:39:25.520,0.90835,0.90865,4.05,1.30
2014.12.16 05:39:25.787,0.90837,0.90866,1.45,1.07
2014.12.16 05:39:25.989,0.9084,0.90867,1.17,1.17
2014.12.16 05:39:26.594,0.90841,0.90871,1.37,1.15
2014.12.16 05:39:26.645,0.90841,0.90871,1.45,1.15
2014.12.16 05:39:27.422,0.90841,0.9087,1.17,1.87
2014.12.16 05:39:27.473,0.9084,0.90869,1.65,1.45
2014.12.16 05:39:27.725,0.90836,0.90866,1.87,1.37
2014.12.16 05:39:27.775,0.90835,0.90866,2.62,1.45
2014.12.16 05:39:38.801,0.90832,0.90861,1.15,1.30
2014.12.16 05:39:38.852,0.90832,0.90861,1.15,1.12
2014.12.16 05:39:39.003,0.90829,0.90857,3.07,1.30
2014.12.16 05:39:39.054,0.90829,0.90857,1.15,1.12
2014.12.16 05:39:41.026,0.90826,0.90858,1.15,1.15
2014.12.16 05:39:41.077,0.90826,0.90858,1.15,1.15
2014.12.16 05:39:46.342,0.90827,0.90856,1.45,1.07
2014.12.16 05:39:46.392,0.90828,0.90857,1.45,1.10
2014.12.16 05:39:46.443,0.9083,0.90857,1.17,1.00
2014.12.16 05:39:46.595,0.90833,0.90862,1.37,1.15
2014.12.16 05:39:47.099,0.90832,0.90862,1.45,1.45
2014.12.16 05:39:47.250,0.90829,0.90859,1.45,1.80
2014.12.16 05:39:47.301,0.90829,0.90859,1.45,1.87
2014.12.16 05:39:50.173,0.90828,0.90858,1.12,1.45
2014.12.16 05:39:51.727,0.9083,0.90857,1.00,1.87
2014.12.16 05:39:51.828,0.90825,0.90857,1.65,1.45
2014.12.16 05:39:57.587,0.90828,0.90857,1.45,1.10
2014.12.16 05:39:57.991,0.9083,0.90856,1.00,1.45
2014.12.16 05:39:58.092,0.90825,0.90854,1.87,1.07
2014.12.16 05:39:59.668,0.90825,0.90852,1.17,1.37
2014.12.16 05:40:00.278,0.90825,0.90851,1.10,1.12
2014.12.16 05:40:00.813,0.90825,0.90853,1.15,1.80
2014.12.16 05:40:03.410,0.90825,0.90852,1.10,1.45
2014.12.16 05:40:03.875,0.90824,0.9085,1.10,1.37
2014.12.16 05:40:04.406,0.90825,0.90851,1.00,1.45
2014.12.16 05:40:04.470,0.9082,0.90851,1.65,1.45
2014.12.16 05:40:05.208,0.9082,0.90851,1.65,1.45
2014.12.16 05:40:05.258,0.90825,0.90851,1.10,1.12
2014.12.16 05:40:07.011,0.90825,0.90849,1.10,1.30
2014.12.16 05:40:07.540,0.90825,0.90848,1.10,1.30
2014.12.16 05:40:08.070,0.90825,0.90849,1.10,1.72
2014.12.16 05:40:08.221,0.90824,0.90851,1.17,1.10
2014.12.16 05:40:08.728,0.90824,0.90854,1.15,1.45
2014.12.16 05:40:08.879,0.90825,0.90853,1.10,1.45
2014.12.16 05:40:09.597,0.90825,0.90855,1.37,1.45
2014.12.16 05:40:09.647,0.90825,0.90855,1.45,1.45
2014.12.16 05:40:11.561,0.90824,0.90854,1.45,1.50
2014.12.16 05:40:11.612,0.90824,0.90854,1.12,1.50
2014.12.16 05:40:11.713,0.90823,0.9085,1.10,1.12
2014.12.16 05:40:11.815,0.9082,0.90846,1.00,1.12
2014.12.16 05:40:11.916,0.90818,0.90847,1.00,1.87
2014.12.16 05:40:12.219,0.90815,0.90844,1.15,1.37
2014.12.16 05:40:12.320,0.90814,0.90846,2.32,1.87
2014.12.16 05:40:18.494,0.90814,0.90844,3.30,1.30
2014.12.16 05:40:18.595,0.90812,0.90843,1.87,1.45
2014.12.16 05:40:18.796,0.9081,0.90839,2.32,1.30
2014.12.16 05:40:18.847,0.90809,0.90839,1.15,1.12
2014.12.16 05:40:18.948,0.90805,0.90838,1.65,1.15
2014.12.16 05:40:20.359,0.90803,0.90835,1.15,1.45
2014.12.16 05:40:20.662,0.90801,0.9083,2.32,1.37
2014.12.16 05:40:20.713,0.90799,0.9083,1.45,1.12
2014.12.16 05:40:20.915,0.90802,0.90832,1.45,1.17
2014.12.16 05:40:21.153,0.908,0.90832,1.45,1.15
2014.12.16 05:40:21.255,0.90802,0.90833,2.32,1.87
2014.12.16 05:40:21.306,0.90802,0.90833,2.32,1.87
2014.12.16 05:40:21.659,0.90801,0.90832,2.32,1.37
2014.12.16 05:40:21.710,0.90798,0.90832,2.32,1.45
2014.12.16 05:40:21.760,0.90797,0.90824,3.00,3.97
2014.12.16 05:40:21.811,0.90791,0.90818,1.15,1.10
2014.12.16 05:40:21.862,0.90795,0.90814,1.00,1.30
2014.12.16 05:40:22.013,0.90794,0.90825,1.45,1.15
2014.12.16 05:40:22.064,0.90794,0.90825,3.30,1.17
2014.12.16 05:40:22.114,0.90796,0.90827,1.45,1.15
2014.12.16 05:40:22.165,0.90796,0.90827,1.12,3.07
2014.12.16 05:40:22.368,0.90799,0.90828,2.32,1.30
2014.12.16 05:40:22.519,0.90806,0.90836,1.37,3.07
2014.12.16 05:40:22.621,0.90806,0.90836,1.45,1.15
2014.12.16 05:40:22.722,0.90805,0.90838,3.30,1.15
2014.12.16 05:40:22.924,0.90805,0.90837,1.45,3.07
2014.12.16 05:40:23.429,0.90806,0.90836,1.37,1.15
2014.12.16 05:40:23.531,0.90806,0.90836,1.45,1.15
2014.12.16 05:40:23.934,0.90807,0.90838,1.45,1.07
2014.12.16 05:40:24.035,0.90807,0.90838,1.45,1.00
2014.12.16 05:40:24.550,0.90809,0.90838,1.45,1.07
2014.12.16 05:40:24.600,0.90809,0.90838,1.12,1.15
2014.12.16 05:40:24.651,0.90809,0.90838,1.12,1.17
2014.12.16 05:40:24.702,0.90809,0.90838,1.45,1.10
2014.12.16 05:40:26.085,0.90807,0.90837,3.30,1.30
2014.12.16 05:40:26.596,0.90809,0.90839,1.87,1.17
2014.12.16 05:40:27.251,0.90811,0.90841,2.32,1.07
2014.12.16 05:40:27.302,0.90811,0.90841,2.32,1.00
2014.12.16 05:40:27.403,0.90809,0.90844,2.25,1.45
2014.12.16 05:40:27.454,0.90813,0.90844,2.25,1.12
2014.12.16 05:40:27.505,0.90813,0.90846,2.32,1.87
2014.12.16 05:40:27.770,0.90816,0.90848,3.30,1.12
2014.12.16 05:40:28.276,0.90821,0.90853,1.45,1.45
2014.12.16 05:40:28.579,0.90823,0.90857,1.45,1.15
2014.12.16 05:40:28.882,0.90821,0.90853,1.45,3.30
2014.12.16 05:40:28.933,0.9082,0.9085,1.17,1.87
2014.12.16 05:40:28.983,0.90816,0.90849,1.15,2.32
2014.12.16 05:40:29.034,0.90816,0.90842,1.15,1.30
2014.12.16 05:40:29.185,0.90815,0.90844,1.07,1.17
2014.12.16 05:40:29.236,0.90813,0.90839,1.17,1.30
2014.12.16 05:40:29.388,0.90808,0.90839,1.15,1.37
2014.12.16 05:40:29.540,0.9081,0.9084,1.00,1.45
2014.12.16 05:40:29.659,0.90806,0.90837,2.47,1.45
2014.12.16 05:40:30.480,0.90805,0.90834,1.75,1.30
2014.12.16 05:40:30.988,0.90805,0.90836,1.65,1.45
2014.12.16 05:40:31.241,0.9081,0.90838,1.00,1.45
2014.12.16 05:40:31.543,0.9081,0.9084,1.15,1.45
2014.12.16 05:40:31.846,0.90815,0.90843,1.17,1.37
2014.12.16 05:40:32.250,0.90816,0.90846,2.17,1.45
2014.12.16 05:40:32.351,0.90816,0.90846,2.17,1.45
2014.12.16 05:40:32.914,0.90816,0.90847,2.25,1.45
2014.12.16 05:40:34.006,0.90821,0.90849,1.00,1.45
2014.12.16 05:40:34.870,0.90821,0.90849,1.15,1.05
2014.12.16 05:40:35.857,0.90822,0.90852,1.10,2.32
2014.12.16 05:40:44.573,0.90822,0.9085,1.12,1.37
2014.12.16 05:40:44.674,0.90822,0.90856,1.50,3.07
2014.12.16 05:40:45.077,0.9082,0.90853,1.75,1.45
2014.12.16 05:40:45.178,0.90819,0.90853,2.62,2.32
2014.12.16 05:40:48.409,0.9082,0.90853,2.05,3.30
2014.12.16 05:40:48.510,0.9082,0.90853,2.05,1.45
2014.12.16 05:40:51.188,0.90824,0.90858,1.50,1.87
2014.12.16 05:40:51.491,0.90827,0.9086,1.45,1.45
2014.12.16 05:40:52.253,0.90825,0.90853,2.32,1.30
2014.12.16 05:40:52.304,0.90822,0.90853,2.32,1.05
2014.12.16 05:40:52.405,0.90818,0.90853,1.82,1.45
2014.12.16 05:40:52.657,0.90827,0.90856,1.10,2.32
2014.12.16 05:40:52.707,0.90827,0.90859,1.17,3.07
2014.12.16 05:40:52.758,0.90826,0.90857,1.45,1.17
2014.12.16 05:40:52.810,0.90825,0.90857,2.32,1.17
2014.12.16 05:40:53.063,0.90825,0.90858,2.32,1.45
2014.12.16 05:40:53.113,0.90822,0.90855,3.30,1.45
2014.12.16 05:40:53.214,0.90824,0.90854,2.32,1.30
2014.12.16 05:40:53.316,0.90821,0.90854,3.30,1.45
2014.12.16 05:40:55.318,0.90817,0.9085,3.30,1.45
2014.12.16 05:40:57.181,0.90817,0.90844,2.32,1.30
2014.12.16 05:40:57.234,0.90815,0.90844,1.15,1.05
2014.12.16 05:41:03.428,0.90815,0.9085,2.32,2.32
2014.12.16 05:41:03.530,0.90818,0.90852,1.15,1.15
2014.12.16 05:41:03.934,0.90819,0.90854,2.70,2.32
2014.12.16 05:41:04.035,0.9082,0.90857,3.07,2.32
2014.12.16 05:41:04.439,0.90822,0.90857,3.07,2.32
2014.12.16 05:41:04.540,0.90823,0.9086,2.32,3.30
2014.12.16 05:41:07.995,0.90823,0.90854,2.32,1.55
2014.12.16 05:41:08.046,0.90821,0.90852,2.32,1.17
2014.12.16 05:41:08.147,0.90818,0.90851,3.30,1.45
2014.12.16 05:41:18.841,0.9082,0.90852,1.45,1.37
2014.12.16 05:41:18.892,0.9082,0.90853,1.45,1.05
2014.12.16 05:41:19.044,0.90822,0.90855,3.30,1.37
2014.12.16 05:41:19.094,0.90824,0.90856,1.15,1.05
2014.12.16 05:41:19.600,0.90825,0.90855,1.15,1.30
2014.12.16 05:41:19.651,0.90825,0.90853,1.00,1.12
2014.12.16 05:41:19.752,0.9082,0.90851,1.87,1.30
2014.12.16 05:41:21.751,0.9082,0.90849,1.15,1.30
2014.12.16 05:41:21.852,0.9082,0.90851,1.15,1.30
2014.12.16 05:41:22.054,0.90819,0.90851,1.12,1.37
2014.12.16 05:41:22.104,0.90819,0.90851,1.05,1.45
2014.12.16 05:41:38.767,0.90816,0.90846,1.45,1.30
2014.12.16 05:41:41.407,0.90816,0.90847,1.45,1.30
2014.12.16 05:41:41.779,0.90815,0.90842,1.10,1.30
2014.12.16 05:41:41.981,0.9081,0.90841,1.15,1.12
2014.12.16 05:41:42.485,0.9081,0.90839,1.15,1.30
2014.12.16 05:41:44.817,0.9081,0.9084,1.15,1.05
2014.12.16 05:41:54.503,0.90815,0.90846,1.05,1.87
2014.12.16 05:41:54.655,0.90815,0.90846,1.87,1.45
2014.12.16 05:41:54.756,0.90817,0.90849,1.30,1.15
2014.12.16 05:41:55.058,0.90817,0.90849,1.45,1.10
2014.12.16 05:41:55.568,0.90818,0.90848,1.45,1.30
2014.12.16 05:41:56.072,0.90819,0.90849,1.45,1.05
2014.12.16 05:41:56.486,0.90817,0.90846,1.15,1.30
2014.12.16 05:41:56.536,0.90817,0.90846,1.00,1.45
