2010.05.11 14:00:00.720,0.6666,0.667,4.10,1.60
2010.05.11 14:00:02.149,0.66665,0.667,1.60,1.60
2010.05.11 14:00:02.500,0.66665,0.66705,1.60,4.10
2010.05.11 14:00:03.276,0.66665,0.66705,3.30,4.00
2010.05.11 14:00:03.503,0.66665,0.66705,4.10,4.00
2010.05.11 14:00:04.426,0.66675,0.6671,1.60,4.10
2010.05.11 14:00:06.468,0.6667,0.6671,1.00,4.10
2010.05.11 14:00:06.804,0.66665,0.6671,2.40,16.10
2010.05.11 14:00:07.594,0.6669,0.6672,2.40,1.60
2010.05.11 14:00:07.785,0.6669,0.6672,2.50,1.60
2010.05.11 14:00:07.977,0.6669,0.66725,2.50,1.60
2010.05.11 14:00:08.448,0.6669,0.66725,2.40,1.60
2010.05.11 14:00:10.246,0.66685,0.66715,2.40,1.60
2010.05.11 14:00:10.724,0.66685,0.6672,2.40,4.00
2010.05.11 14:00:11.231,0.66685,0.6671,1.00,1.60
2010.05.11 14:00:11.529,0.66675,0.667,2.40,4.00
2010.05.11 14:00:12.953,0.6667,0.667,2.40,4.00
2010.05.11 14:00:13.235,0.6667,0.667,2.40,2.40
2010.05.11 14:00:13.526,0.6668,0.6671,2.40,1.60
2010.05.11 14:00:14.945,0.6668,0.6671,2.40,4.00
2010.05.11 14:00:15.731,0.6668,0.66705,2.40,1.60
2010.05.11 14:00:17.207,0.6668,0.6671,2.40,9.60
2010.05.11 14:00:17.548,0.6668,0.6671,2.40,11.20
2010.05.11 14:00:18.046,0.6668,0.6671,2.40,12.80
2010.05.11 14:00:18.398,0.6667,0.667,3.20,2.40
2010.05.11 14:00:18.736,0.6667,0.667,4.80,2.40
2010.05.11 14:00:19.880,0.6668,0.667,2.40,1.00
2010.05.11 14:00:20.594,0.6667,0.66705,5.60,10.40
2010.05.11 14:00:20.873,0.6667,0.66705,15.30,1.00
2010.05.11 14:00:21.214,0.6667,0.66705,15.20,1.00
2010.05.11 14:00:22.067,0.66675,0.6671,1.00,14.40
2010.05.11 14:00:22.408,0.6668,0.6671,2.40,9.60
2010.05.11 14:00:23.544,0.6668,0.6671,2.40,9.70
2010.05.11 14:00:23.815,0.6668,0.6671,2.40,9.60
2010.05.11 14:00:24.395,0.6668,0.66705,2.40,1.00
2010.05.11 14:00:24.736,0.66685,0.6671,2.40,13.60
2010.05.11 14:00:25.075,0.6668,0.6671,2.40,4.80
2010.05.11 14:00:25.678,0.66675,0.667,9.60,1.00
2010.05.11 14:00:25.931,0.6667,0.66705,14.40,4.80
2010.05.11 14:00:26.845,0.6667,0.66705,9.60,4.80
2010.05.11 14:00:27.084,0.6667,0.66705,15.20,4.80
2010.05.11 14:00:27.423,0.6667,0.66705,10.40,4.80
2010.05.11 14:00:28.046,0.6667,0.66705,15.20,4.80
2010.05.11 14:00:28.393,0.66675,0.66705,1.00,4.00
2010.05.11 14:00:30.174,0.6667,0.667,14.40,1.00
2010.05.11 14:00:30.476,0.6667,0.667,4.80,2.40
2010.05.11 14:00:31.229,0.6668,0.66705,2.40,13.60
2010.05.11 14:00:31.504,0.6668,0.66705,2.40,1.00
2010.05.11 14:00:31.774,0.6668,0.6671,2.40,9.60
2010.05.11 14:00:32.903,0.6668,0.6671,2.40,4.80
2010.05.11 14:00:33.838,0.6668,0.6671,3.20,4.00
2010.05.11 14:00:34.515,0.6668,0.6671,3.20,1.60
2010.05.11 14:00:35.304,0.66695,0.66725,1.00,12.00
2010.05.11 14:00:35.884,0.66695,0.6673,1.00,15.30
2010.05.11 14:00:36.993,0.66695,0.6673,1.00,15.20
2010.05.11 14:00:38.146,0.66705,0.66735,1.60,1.00
2010.05.11 14:00:38.634,0.66705,0.6674,2.40,16.90
2010.05.11 14:00:39.314,0.6671,0.6674,4.80,7.20
2010.05.11 14:00:39.662,0.6671,0.66745,4.80,15.20
2010.05.11 14:00:40.008,0.6671,0.66745,3.20,10.40
2010.05.11 14:00:40.715,0.6672,0.66745,3.20,9.60
2010.05.11 14:00:40.965,0.6673,0.66755,2.40,1.60
2010.05.11 14:00:41.675,0.6673,0.6676,3.20,12.80
2010.05.11 14:00:42.018,0.6674,0.6676,2.40,1.00
2010.05.11 14:00:42.318,0.6674,0.66765,4.80,1.00
2010.05.11 14:00:43.057,0.6674,0.6677,4.80,2.40
2010.05.11 14:00:43.374,0.6674,0.6677,4.80,1.60
2010.05.11 14:00:44.225,0.6674,0.66775,4.80,15.30
2010.05.11 14:00:45.359,0.6674,0.66775,9.60,10.50
2010.05.11 14:00:45.756,0.6674,0.66775,9.60,5.70
2010.05.11 14:00:46.934,0.6674,0.66775,4.80,10.50
2010.05.11 14:00:47.614,0.6674,0.6677,2.40,1.00
2010.05.11 14:00:47.934,0.6674,0.6677,2.40,2.40
2010.05.11 14:00:48.874,0.6674,0.6677,2.40,12.00
2010.05.11 14:00:49.105,0.6674,0.6677,3.20,9.60
2010.05.11 14:00:49.620,0.6674,0.6677,3.20,4.80
2010.05.11 14:00:50.889,0.6674,0.66775,3.20,12.80
2010.05.11 14:00:53.747,0.6674,0.66775,3.20,11.20
2010.05.11 14:00:53.935,0.66745,0.66775,1.60,9.60
2010.05.11 14:00:54.509,0.6675,0.66775,2.40,1.60
2010.05.11 14:00:54.847,0.6674,0.66775,3.20,12.80
2010.05.11 14:00:56.178,0.6674,0.66775,3.20,11.20
2010.05.11 14:00:56.343,0.66745,0.66775,1.00,1.00
2010.05.11 14:00:56.644,0.6675,0.6678,2.40,15.30
2010.05.11 14:00:56.803,0.66745,0.66775,1.00,1.00
2010.05.11 14:00:57.754,0.6675,0.6678,1.00,15.30
2010.05.11 14:00:58.095,0.6675,0.6678,3.20,4.00
2010.05.11 14:00:58.730,0.66755,0.6678,1.60,1.60
2010.05.11 14:00:59.066,0.6676,0.6679,2.40,12.00
2010.05.11 14:01:00.247,0.6676,0.6679,2.40,12.00
2010.05.11 14:01:00.579,0.6676,0.66785,2.40,11.20
2010.05.11 14:01:00.779,0.6675,0.66785,3.20,11.20
2010.05.11 14:01:01.486,0.6675,0.66785,9.60,8.00
2010.05.11 14:01:01.684,0.6675,0.66785,9.60,4.80
2010.05.11 14:01:02.024,0.6676,0.66785,2.40,14.40
2010.05.11 14:01:02.806,0.6676,0.66785,2.40,9.60
2010.05.11 14:01:03.025,0.6676,0.6679,3.20,12.00
2010.05.11 14:01:03.519,0.6677,0.6679,2.40,12.00
2010.05.11 14:01:03.747,0.6679,0.66795,2.40,5.60
2010.05.11 14:01:03.967,0.6679,0.66795,2.40,1.00
2010.05.11 14:01:04.623,0.6679,0.668,2.40,1.00
2010.05.11 14:01:04.972,0.6679,0.66815,2.40,14.40
2010.05.11 14:01:05.730,0.6681,0.66825,2.40,9.60
2010.05.11 14:01:06.030,0.6682,0.6683,2.40,2.20
2010.05.11 14:01:06.814,0.6682,0.6683,2.40,1.00
2010.05.11 14:01:07.138,0.6682,0.6684,2.40,11.20
2010.05.11 14:01:07.478,0.6682,0.6684,2.40,9.60
2010.05.11 14:01:08.365,0.6682,0.6684,2.40,10.40
2010.05.11 14:01:08.985,0.6682,0.6683,3.20,4.80
2010.05.11 14:01:09.729,0.6683,0.6684,2.40,10.40
2010.05.11 14:01:09.995,0.6682,0.6684,2.40,10.40
2010.05.11 14:01:10.786,0.6682,0.66835,2.40,4.80
2010.05.11 14:01:11.127,0.6682,0.6684,2.40,10.40
2010.05.11 14:01:11.629,0.6682,0.6684,2.40,1.60
2010.05.11 14:01:11.979,0.6683,0.66845,2.40,10.40
2010.05.11 14:01:13.246,0.6683,0.6684,2.40,1.00
2010.05.11 14:01:13.485,0.6683,0.66845,2.40,9.60
2010.05.11 14:01:14.526,0.6683,0.66845,2.40,10.40
2010.05.11 14:01:15.616,0.6684,0.66845,2.40,9.60
2010.05.11 14:01:15.858,0.6684,0.6685,2.40,4.80
2010.05.11 14:01:16.531,0.6684,0.66855,2.40,4.80
2010.05.11 14:01:17.107,0.6684,0.66855,2.40,5.60
2010.05.11 14:01:17.990,0.6684,0.6686,2.40,12.00
2010.05.11 14:01:18.266,0.6684,0.66855,2.40,9.60
2010.05.11 14:01:19.705,0.6684,0.6685,2.40,9.60
2010.05.11 14:01:21.078,0.6684,0.66855,2.40,9.60
2010.05.11 14:01:22.259,0.6683,0.66845,2.40,1.00
2010.05.11 14:01:22.598,0.6683,0.6684,2.40,9.60
2010.05.11 14:01:23.233,0.6682,0.6684,2.40,9.60
2010.05.11 14:01:23.579,0.6683,0.6684,2.40,9.60
2010.05.11 14:01:25.063,0.6683,0.6684,2.40,10.40
2010.05.11 14:01:25.274,0.6683,0.6684,2.40,9.60
2010.05.11 14:01:25.939,0.6683,0.6684,2.40,4.80
2010.05.11 14:01:26.465,0.6682,0.6684,2.40,9.60
2010.05.11 14:01:26.725,0.6682,0.66835,2.40,4.80
2010.05.11 14:01:27.446,0.6682,0.6684,2.40,9.60
2010.05.11 14:01:28.129,0.6683,0.6684,2.40,4.80
2010.05.11 14:01:29.040,0.6683,0.6684,2.40,9.60
2010.05.11 14:01:29.258,0.6683,0.6684,2.40,5.60
2010.05.11 14:01:29.842,0.6683,0.6684,2.40,1.00
2010.05.11 14:01:30.176,0.6681,0.6683,2.40,12.80
2010.05.11 14:01:30.465,0.6681,0.6683,2.40,12.00
2010.05.11 14:01:30.925,0.6681,0.6683,2.40,13.60
2010.05.11 14:01:31.218,0.66795,0.66815,1.00,1.00
2010.05.11 14:01:31.556,0.668,0.6682,2.40,4.00
2010.05.11 14:01:32.029,0.6679,0.6682,2.40,4.00
2010.05.11 14:01:32.369,0.6679,0.6681,2.40,1.00
2010.05.11 14:01:33.156,0.6679,0.66805,2.40,1.00
2010.05.11 14:01:34.652,0.6679,0.6681,2.40,1.00
2010.05.11 14:01:34.939,0.6679,0.66805,2.40,1.00
2010.05.11 14:01:35.668,0.6679,0.6681,2.40,1.00
2010.05.11 14:01:35.959,0.6679,0.66815,2.40,1.60
2010.05.11 14:01:36.249,0.6679,0.6681,2.40,1.00
2010.05.11 14:01:37.376,0.6679,0.66815,2.40,3.20
2010.05.11 14:01:37.714,0.6679,0.6681,2.40,1.00
2010.05.11 14:01:38.492,0.6678,0.66805,2.40,1.00
2010.05.11 14:01:39.094,0.6679,0.66805,2.40,1.00
2010.05.11 14:01:39.836,0.6679,0.6681,2.40,1.00
2010.05.11 14:01:40.944,0.6679,0.66815,2.40,4.80
2010.05.11 14:01:42.107,0.668,0.66815,2.40,1.00
2010.05.11 14:01:42.444,0.6679,0.66815,2.40,1.00
2010.05.11 14:01:42.785,0.6679,0.66815,2.40,5.60
2010.05.11 14:01:43.763,0.6679,0.66815,2.40,1.00
2010.05.11 14:01:44.805,0.6679,0.66815,2.40,5.60
2010.05.11 14:01:45.444,0.6679,0.6682,2.40,15.20
2010.05.11 14:01:46.539,0.6679,0.6682,2.40,5.60
2010.05.11 14:01:46.714,0.6679,0.66815,2.40,1.00
2010.05.11 14:01:47.605,0.6679,0.66815,2.40,2.40
2010.05.11 14:01:47.845,0.6679,0.66815,2.40,1.00
2010.05.11 14:01:50.574,0.6679,0.66815,2.40,5.60
2010.05.11 14:01:52.708,0.668,0.66825,2.40,15.20
2010.05.11 14:01:54.753,0.668,0.66825,2.40,14.40
2010.05.11 14:01:55.512,0.668,0.66825,2.40,15.20
2010.05.11 14:01:56.331,0.668,0.66825,2.40,15.30
2010.05.11 14:01:56.394,0.668,0.6682,2.40,1.60
2010.05.11 14:01:56.405,0.668,0.66815,2.40,1.00
2010.05.11 14:01:56.861,0.668,0.66815,2.40,5.60
2010.05.11 14:01:57.209,0.668,0.6682,2.40,6.40
2010.05.11 14:01:57.545,0.668,0.6682,2.40,11.20
2010.05.11 14:01:58.309,0.668,0.6682,2.40,12.00
2010.05.11 14:01:58.663,0.668,0.6682,2.40,2.40
2010.05.11 14:02:03.224,0.668,0.6682,2.40,4.80
2010.05.11 14:02:03.536,0.668,0.6682,2.40,4.90
2010.05.11 14:02:03.740,0.668,0.6682,2.40,8.80
2010.05.11 14:02:03.937,0.668,0.6682,2.40,4.00
2010.05.11 14:02:04.578,0.668,0.66805,2.40,1.00
2010.05.11 14:02:04.915,0.6678,0.66805,2.40,1.00
2010.05.11 14:02:06.095,0.6678,0.6681,2.40,10.40
2010.05.11 14:02:06.374,0.6679,0.6681,2.40,1.00
2010.05.11 14:02:07.540,0.6678,0.6681,3.20,3.20
2010.05.11 14:02:07.888,0.6678,0.6681,2.40,4.80
2010.05.11 14:02:08.605,0.6678,0.66805,2.40,6.40
2010.05.11 14:02:08.860,0.6678,0.668,2.40,5.60
2010.05.11 14:02:09.559,0.6678,0.66795,2.40,1.00
2010.05.11 14:02:09.898,0.6677,0.66785,2.40,1.60
2010.05.11 14:02:11.234,0.6677,0.6678,2.40,1.00
2010.05.11 14:02:11.567,0.6676,0.6678,2.40,2.40
2010.05.11 14:02:12.608,0.6676,0.6678,2.40,1.00
2010.05.11 14:02:12.945,0.6675,0.66775,2.40,2.40
2010.05.11 14:02:13.288,0.6675,0.66775,2.40,1.60
2010.05.11 14:02:13.763,0.6675,0.6678,2.40,12.00
2010.05.11 14:02:14.187,0.6676,0.6678,2.40,1.60
2010.05.11 14:02:15.317,0.6676,0.66785,2.40,8.00
2010.05.11 14:02:15.469,0.6676,0.6678,2.40,1.00
2010.05.11 14:02:15.626,0.6676,0.6678,2.40,4.00
2010.05.11 14:02:15.966,0.6675,0.6677,2.40,1.00
2010.05.11 14:02:16.795,0.6675,0.6677,2.40,5.60
2010.05.11 14:02:17.116,0.6675,0.6677,2.40,8.80
2010.05.11 14:02:18.199,0.6674,0.66765,2.40,2.40
2010.05.11 14:02:18.766,0.6675,0.6677,2.40,3.20
2010.05.11 14:02:19.044,0.6675,0.66775,2.40,5.60
2010.05.11 14:02:19.787,0.6675,0.6677,2.40,1.00
2010.05.11 14:02:20.095,0.6675,0.66775,2.40,1.60
2010.05.11 14:02:20.761,0.66755,0.66775,1.00,1.00
2010.05.11 14:02:20.987,0.6676,0.66785,2.40,1.60
2010.05.11 14:02:21.996,0.6676,0.66785,2.40,1.00
2010.05.11 14:02:23.015,0.6677,0.66795,2.40,14.40
2010.05.11 14:02:23.705,0.6677,0.66795,2.40,1.00
2010.05.11 14:02:25.066,0.6677,0.668,2.40,4.80
2010.05.11 14:02:25.405,0.6677,0.668,2.40,4.00
2010.05.11 14:02:25.904,0.6677,0.668,3.20,3.20
2010.05.11 14:02:26.250,0.6677,0.668,2.40,2.40
2010.05.11 14:02:26.600,0.6677,0.6679,2.40,1.60
2010.05.11 14:02:27.165,0.6676,0.6679,2.40,12.80
2010.05.11 14:02:27.508,0.6676,0.6679,2.40,11.20
2010.05.11 14:02:27.844,0.6676,0.6678,2.40,1.00
2010.05.11 14:02:28.646,0.6676,0.6678,2.40,5.60
2010.05.11 14:02:28.984,0.6676,0.66785,2.40,10.40
2010.05.11 14:02:30.696,0.6676,0.66785,2.40,12.00
2010.05.11 14:02:31.398,0.6676,0.66785,2.40,10.40
2010.05.11 14:02:31.669,0.6675,0.6677,2.40,1.00
2010.05.11 14:02:31.939,0.6675,0.6677,2.40,4.80
2010.05.11 14:02:32.647,0.6675,0.66775,2.40,12.00
2010.05.11 14:02:33.563,0.6675,0.66775,2.40,5.60
2010.05.11 14:02:33.846,0.6675,0.66775,2.40,7.20
2010.05.11 14:02:34.416,0.6675,0.6677,2.40,1.00
2010.05.11 14:02:35.575,0.6675,0.6677,2.40,5.60
2010.05.11 14:02:35.936,0.6675,0.6677,2.40,1.00
2010.05.11 14:02:36.178,0.6675,0.6677,2.40,5.60
2010.05.11 14:02:36.944,0.6675,0.6677,2.40,1.00
2010.05.11 14:02:40.466,0.6675,0.6677,2.40,1.60
2010.05.11 14:02:40.983,0.6675,0.6677,2.40,3.20
2010.05.11 14:02:41.198,0.6674,0.66765,4.00,1.00
2010.05.11 14:02:41.754,0.6674,0.6677,8.80,3.20
2010.05.11 14:02:42.833,0.6674,0.6677,3.20,2.40
2010.05.11 14:02:43.157,0.6674,0.6677,2.40,3.20
2010.05.11 14:02:44.063,0.6674,0.6677,2.40,12.80
2010.05.11 14:02:44.409,0.66735,0.66765,1.00,5.60
2010.05.11 14:02:44.748,0.6674,0.66765,2.40,1.00
2010.05.11 14:02:45.550,0.6674,0.6677,2.40,2.40
2010.05.11 14:02:45.724,0.6674,0.6677,2.40,1.60
2010.05.11 14:02:46.064,0.6674,0.66765,2.40,1.00
2010.05.11 14:02:46.547,0.6674,0.6677,2.40,11.20
2010.05.11 14:02:46.889,0.6674,0.6677,2.40,5.60
2010.05.11 14:02:47.227,0.6674,0.6677,2.40,1.00
2010.05.11 14:02:48.455,0.6674,0.66765,2.40,1.00
2010.05.11 14:02:48.704,0.66735,0.66765,4.80,1.00
2010.05.11 14:02:48.945,0.6674,0.66765,2.40,10.40
2010.05.11 14:02:49.194,0.6674,0.6677,2.40,15.20
2010.05.11 14:02:49.974,0.6674,0.66765,2.40,1.00
2010.05.11 14:02:51.003,0.6674,0.66765,2.40,2.40
2010.05.11 14:02:51.475,0.6674,0.66765,2.40,7.20
2010.05.11 14:02:51.694,0.6673,0.6676,2.40,10.40
2010.05.11 14:02:52.114,0.6673,0.6676,2.40,5.60
2010.05.11 14:02:53.847,0.6673,0.6676,2.40,10.40
2010.05.11 14:02:54.228,0.6673,0.6676,3.20,9.60
2010.05.11 14:02:54.323,0.6673,0.6676,3.30,9.60
2010.05.11 14:02:54.425,0.6673,0.66765,3.20,12.00
2010.05.11 14:02:55.193,0.6673,0.66765,3.20,10.40
2010.05.11 14:02:55.293,0.6673,0.66765,3.30,10.40
2010.05.11 14:02:56.124,0.6673,0.66765,4.00,10.40
2010.05.11 14:02:56.766,0.6674,0.66765,1.00,9.60
2010.05.11 14:02:57.076,0.6674,0.6677,3.20,10.40
2010.05.11 14:02:59.625,0.6674,0.6677,3.20,5.60
2010.05.11 14:02:59.943,0.6674,0.6677,3.20,1.00
2010.05.11 14:03:00.669,0.66745,0.66775,1.00,12.00
2010.05.11 14:03:00.954,0.6675,0.66775,2.40,1.00
2010.05.11 14:03:01.749,0.6674,0.6677,3.20,1.00
2010.05.11 14:03:01.915,0.6674,0.6677,3.20,2.40
2010.05.11 14:03:01.995,0.6674,0.6677,2.40,2.40
2010.05.11 14:03:02.767,0.6674,0.6677,3.20,12.00
2010.05.11 14:03:04.039,0.6674,0.6677,2.40,10.40
2010.05.11 14:03:04.276,0.6674,0.6677,7.20,1.00
2010.05.11 14:03:05.414,0.6674,0.6677,2.50,1.00
2010.05.11 14:03:05.758,0.6674,0.6677,7.20,1.00
2010.05.11 14:03:06.601,0.6674,0.6677,2.40,1.00
2010.05.11 14:03:07.636,0.6674,0.66775,3.20,12.00
2010.05.11 14:03:07.894,0.6674,0.66775,3.20,12.00
2010.05.11 14:03:08.154,0.66745,0.66775,1.00,6.40
2010.05.11 14:03:08.629,0.6675,0.66775,2.40,6.40
2010.05.11 14:03:08.755,0.6675,0.6678,2.40,12.00
2010.05.11 14:03:12.534,0.6675,0.6678,2.40,12.10
2010.05.11 14:03:13.063,0.6675,0.66775,2.40,1.00
2010.05.11 14:03:13.249,0.6674,0.6677,3.20,4.80
2010.05.11 14:03:13.434,0.6674,0.6677,3.20,9.60
2010.05.11 14:03:13.891,0.6674,0.6677,3.20,11.20
2010.05.11 14:03:14.077,0.6674,0.6677,2.40,4.80
2010.05.11 14:03:14.413,0.6674,0.6677,2.40,9.60
2010.05.11 14:03:14.917,0.6674,0.6676,2.40,1.00
2010.05.11 14:03:15.260,0.6673,0.6676,3.20,1.00
2010.05.11 14:03:15.557,0.6673,0.66755,2.40,1.00
2010.05.11 14:03:15.847,0.66725,0.66755,2.40,1.00
2010.05.11 14:03:18.455,0.6672,0.66755,10.40,1.60
2010.05.11 14:03:18.713,0.6672,0.66755,10.40,3.20
2010.05.11 14:03:18.963,0.6672,0.66755,5.60,12.80
2010.05.11 14:03:22.875,0.66715,0.6675,5.70,5.60
2010.05.11 14:03:24.007,0.6672,0.66755,8.00,9.60
2010.05.11 14:03:24.345,0.6672,0.66755,8.00,4.80
2010.05.11 14:03:25.043,0.6672,0.66755,3.20,9.60
2010.05.11 14:03:25.312,0.66725,0.66755,1.00,13.60
2010.05.11 14:03:25.577,0.6672,0.66755,3.20,9.60
2010.05.11 14:03:26.036,0.6672,0.66755,3.20,9.60
2010.05.11 14:03:26.348,0.6672,0.66755,8.00,9.60
2010.05.11 14:03:27.016,0.6672,0.6675,7.20,1.00
2010.05.11 14:03:27.465,0.6672,0.66755,8.00,9.60
2010.05.11 14:03:28.034,0.6672,0.6675,7.20,1.00
2010.05.11 14:03:28.300,0.66715,0.66745,9.60,1.60
2010.05.11 14:03:28.566,0.6672,0.6675,2.40,8.80
2010.05.11 14:03:29.035,0.6672,0.6675,2.40,13.60
2010.05.11 14:03:29.347,0.6672,0.6675,2.40,12.00
2010.05.11 14:03:29.655,0.6671,0.66745,15.20,1.60
2010.05.11 14:03:29.966,0.6671,0.66745,3.20,6.40
2010.05.11 14:03:30.695,0.6671,0.66745,8.00,6.40
2010.05.11 14:03:31.018,0.6671,0.66745,8.00,1.60
2010.05.11 14:03:31.336,0.6671,0.66745,8.00,6.40
2010.05.11 14:03:32.051,0.6671,0.66745,8.00,1.00
2010.05.11 14:03:32.379,0.66715,0.66745,1.00,6.40
2010.05.11 14:03:32.706,0.66715,0.6675,1.00,16.00
2010.05.11 14:03:34.302,0.66715,0.6675,1.00,14.40
2010.05.11 14:03:34.512,0.66715,0.6675,1.00,16.00
2010.05.11 14:03:35.355,0.66715,0.6675,10.40,4.80
2010.05.11 14:03:37.149,0.66715,0.6675,10.40,6.40
2010.05.11 14:03:37.380,0.66725,0.6676,5.70,9.60
2010.05.11 14:03:37.604,0.66725,0.6676,10.50,4.80
2010.05.11 14:03:37.836,0.6673,0.6676,1.00,10.40
2010.05.11 14:03:38.648,0.66725,0.6676,8.00,5.60
2010.05.11 14:03:38.987,0.6673,0.66755,3.20,1.00
2010.05.11 14:03:39.802,0.6674,0.6677,2.40,6.10
2010.05.11 14:03:40.145,0.6674,0.6677,2.40,1.60
2010.05.11 14:03:40.945,0.6674,0.6677,2.40,5.60
2010.05.11 14:03:42.247,0.6674,0.66775,3.20,16.00
2010.05.11 14:03:42.445,0.6674,0.6677,2.40,2.40
2010.05.11 14:03:42.963,0.66735,0.6677,10.40,4.80
2010.05.11 14:03:43.159,0.6673,0.6676,10.40,1.00
2010.05.11 14:03:43.497,0.6673,0.6676,4.00,1.00
2010.05.11 14:03:44.417,0.6673,0.6676,3.20,1.00
2010.05.11 14:03:44.754,0.66735,0.6676,4.80,1.00
2010.05.11 14:03:45.918,0.6673,0.6676,9.60,1.60
2010.05.11 14:03:46.186,0.6673,0.6676,5.60,1.00
2010.05.11 14:03:46.454,0.6673,0.6676,12.80,1.00
2010.05.11 14:03:47.232,0.66735,0.6676,4.80,1.00
2010.05.11 14:03:48.554,0.66735,0.66765,4.80,1.00
2010.05.11 14:03:49.274,0.66735,0.66765,9.60,1.00
2010.05.11 14:03:49.714,0.6674,0.66765,9.60,1.00
2010.05.11 14:03:50.708,0.66735,0.6676,9.60,2.40
2010.05.11 14:03:52.040,0.6674,0.6676,9.60,1.60
2010.05.11 14:03:52.378,0.66745,0.66765,9.60,1.00
2010.05.11 14:03:54.005,0.66745,0.6676,9.60,1.00
2010.05.11 14:03:55.043,0.6673,0.6676,12.80,1.00
2010.05.11 14:03:55.383,0.6673,0.6676,12.00,1.60
2010.05.11 14:03:55.515,0.6673,0.6676,7.20,1.60
2010.05.11 14:03:55.644,0.66725,0.6676,11.20,1.60
2010.05.11 14:03:55.775,0.66725,0.6676,10.40,1.60
2010.05.11 14:03:56.034,0.66725,0.6676,10.50,1.60
2010.05.11 14:03:56.615,0.66725,0.6676,10.40,9.60
2010.05.11 14:03:56.884,0.6673,0.6676,1.00,4.80
2010.05.11 14:03:57.663,0.6674,0.6676,9.60,5.60
2010.05.11 14:03:57.893,0.66735,0.6676,4.80,5.60
2010.05.11 14:03:59.813,0.66735,0.6676,4.80,4.80
2010.05.11 14:04:00.207,0.66735,0.6676,4.80,5.60
2010.05.11 14:04:00.284,0.66735,0.6676,4.80,8.00
2010.05.11 14:04:00.394,0.66735,0.6676,4.80,9.60
2010.05.11 14:04:00.434,0.6673,0.6676,9.60,9.60
2010.05.11 14:04:01.316,0.6673,0.66755,9.60,1.00
2010.05.11 14:04:01.996,0.66735,0.6676,4.80,4.80
2010.05.11 14:04:02.339,0.66735,0.6676,4.80,3.20
2010.05.11 14:04:03.115,0.6674,0.66765,9.60,2.40
2010.05.11 14:04:03.925,0.66745,0.66765,4.80,2.40
2010.05.11 14:04:04.239,0.6674,0.6676,9.60,8.80
2010.05.11 14:04:05.175,0.6674,0.6676,9.60,9.60
2010.05.11 14:04:05.646,0.6674,0.66755,9.60,1.00
2010.05.11 14:04:05.917,0.66735,0.66755,9.60,1.00
2010.05.11 14:04:06.186,0.66735,0.6675,4.80,1.00
2010.05.11 14:04:07.412,0.66735,0.6676,9.60,4.80
2010.05.11 14:04:07.759,0.66745,0.6676,4.80,1.60
2010.05.11 14:04:08.027,0.66745,0.6676,4.80,1.00
2010.05.11 14:04:08.746,0.6674,0.6676,9.60,1.00
2010.05.11 14:04:09.424,0.6674,0.6676,4.80,1.00
2010.05.11 14:04:10.141,0.66735,0.66765,4.80,1.00
2010.05.11 14:04:10.385,0.66735,0.66765,9.60,1.00
2010.05.11 14:04:10.928,0.66735,0.66765,4.80,1.00
2010.05.11 14:04:11.270,0.66735,0.66765,1.00,1.00
2010.05.11 14:04:12.776,0.6673,0.6676,12.00,1.00
2010.05.11 14:04:13.116,0.6673,0.6676,2.40,1.00
2010.05.11 14:04:15.616,0.6673,0.66755,2.40,1.00
2010.05.11 14:04:15.880,0.66725,0.66755,1.00,1.00
2010.05.11 14:04:16.116,0.6672,0.66755,10.50,1.00
2010.05.11 14:04:16.355,0.66725,0.66755,1.00,1.00
2010.05.11 14:04:17.345,0.6672,0.66755,10.50,1.00
2010.05.11 14:04:17.699,0.6672,0.66755,10.50,5.60
2010.05.11 14:04:18.024,0.6672,0.66755,10.50,1.00
2010.05.11 14:04:18.829,0.6672,0.66755,8.00,1.00
2010.05.11 14:04:19.910,0.6672,0.6675,7.20,2.40
2010.05.11 14:04:20.199,0.6672,0.6675,2.40,1.00
2010.05.11 14:04:20.705,0.6672,0.66745,7.20,1.00
2010.05.11 14:04:21.189,0.6672,0.66745,4.80,1.00
2010.05.11 14:04:21.525,0.66715,0.66745,1.00,1.00
2010.05.11 14:04:24.515,0.6671,0.6674,10.40,2.40
2010.05.11 14:04:24.780,0.66715,0.6674,1.00,1.60
2010.05.11 14:04:25.475,0.6671,0.6674,15.20,1.00
2010.05.11 14:04:25.739,0.6671,0.6674,3.30,2.40
2010.05.11 14:04:26.078,0.66715,0.6674,1.00,1.60
2010.05.11 14:04:26.666,0.66715,0.66745,2.40,12.00
2010.05.11 14:04:26.968,0.6672,0.6675,2.40,1.00
2010.05.11 14:04:27.997,0.6672,0.66745,4.80,2.40
2010.05.11 14:04:28.328,0.66715,0.66745,12.10,2.40
2010.05.11 14:04:29.451,0.66715,0.66745,12.10,1.00
2010.05.11 14:04:30.194,0.66715,0.6674,7.20,1.60
2010.05.11 14:04:30.374,0.66715,0.6674,1.60,1.60
2010.05.11 14:04:30.454,0.6671,0.6674,1.00,1.60
2010.05.11 14:04:30.534,0.6671,0.6674,1.00,3.20
2010.05.11 14:04:31.023,0.6671,0.6674,1.00,3.20
2010.05.11 14:04:31.113,0.6671,0.6674,1.60,3.20
2010.05.11 14:04:31.456,0.6671,0.6674,1.00,3.20
2010.05.11 14:04:32.905,0.6671,0.6674,2.40,3.20
2010.05.11 14:04:33.247,0.6671,0.6674,2.40,1.60
2010.05.11 14:04:34.027,0.66705,0.66725,1.00,6.40
2010.05.11 14:04:34.326,0.6669,0.6672,3.30,1.00
2010.05.11 14:04:34.947,0.6669,0.66725,3.30,12.00
2010.05.11 14:04:35.275,0.6669,0.6672,7.30,1.00
2010.05.11 14:04:35.614,0.6669,0.6672,12.10,1.00
2010.05.11 14:04:36.756,0.66695,0.66725,1.00,2.40
2010.05.11 14:04:36.895,0.66695,0.66725,1.00,1.00
2010.05.11 14:04:37.584,0.6669,0.66725,8.00,5.60
2010.05.11 14:04:37.924,0.6669,0.6672,8.10,1.60
2010.05.11 14:04:38.605,0.6669,0.6672,2.50,5.60
2010.05.11 14:04:38.963,0.66685,0.6671,1.00,1.00
2010.05.11 14:04:39.307,0.6668,0.6671,8.90,1.00
2010.05.11 14:04:40.078,0.66685,0.66715,1.00,10.40
2010.05.11 14:04:40.419,0.66685,0.66715,2.50,1.00
2010.05.11 14:04:40.769,0.6669,0.66715,1.00,1.00
2010.05.11 14:04:41.431,0.66685,0.6671,1.00,1.00
2010.05.11 14:04:41.678,0.66685,0.66715,1.00,1.00
2010.05.11 14:04:42.746,0.6669,0.66715,9.70,1.00
2010.05.11 14:04:44.036,0.66685,0.6671,9.60,1.00
2010.05.11 14:04:44.284,0.66685,0.6671,4.80,1.00
2010.05.11 14:04:44.604,0.6668,0.6671,12.00,1.00
2010.05.11 14:04:45.876,0.66685,0.6671,1.00,1.00
2010.05.11 14:04:46.249,0.66685,0.6671,9.60,1.00
2010.05.11 14:04:46.434,0.66685,0.6671,9.60,1.00
2010.05.11 14:04:47.409,0.66685,0.66705,9.60,2.40
2010.05.11 14:04:47.746,0.6669,0.6671,9.60,1.00
2010.05.11 14:04:49.022,0.6669,0.66705,4.80,1.00
2010.05.11 14:04:49.345,0.66685,0.66705,9.60,1.00
2010.05.11 14:04:51.354,0.66685,0.66705,4.80,1.00
2010.05.11 14:04:52.526,0.66675,0.66705,1.00,5.60
2010.05.11 14:04:52.864,0.6667,0.66705,6.50,10.40
2010.05.11 14:04:53.484,0.66675,0.66705,1.00,1.00
2010.05.11 14:04:54.269,0.66675,0.66705,1.00,5.60
2010.05.11 14:04:54.854,0.66675,0.66705,1.00,2.40
2010.05.11 14:04:56.922,0.66675,0.66705,1.00,1.00
2010.05.11 14:04:57.220,0.66685,0.66715,1.00,2.40
2010.05.11 14:04:57.798,0.6669,0.6672,3.20,11.20
2010.05.11 14:04:58.551,0.6669,0.66725,9.70,7.20
2010.05.11 14:04:58.802,0.6669,0.66715,2.40,1.60
2010.05.11 14:04:59.049,0.6669,0.66715,1.00,1.60
2010.05.11 14:04:59.644,0.66685,0.66715,12.90,1.60
2010.05.11 14:04:59.985,0.6669,0.66715,1.00,1.60
2010.05.11 14:05:00.324,0.66685,0.66715,12.90,1.60
2010.05.11 14:05:01.119,0.667,0.6672,1.00,2.40
2010.05.11 14:05:01.455,0.66695,0.6673,1.00,15.20
2010.05.11 14:05:01.794,0.66695,0.6673,10.50,5.60
2010.05.11 14:05:02.278,0.667,0.6673,1.00,5.60
2010.05.11 14:05:02.621,0.66685,0.66715,1.00,1.00
2010.05.11 14:05:03.527,0.66685,0.6671,5.60,2.40
2010.05.11 14:05:03.869,0.6668,0.6671,12.90,2.40
2010.05.11 14:05:04.650,0.66685,0.6671,4.80,2.40
2010.05.11 14:05:04.987,0.6668,0.6671,12.90,2.40
2010.05.11 14:05:05.326,0.66685,0.6671,1.00,2.40
2010.05.11 14:05:06.097,0.66685,0.6671,4.80,2.40
2010.05.11 14:05:06.715,0.6668,0.6671,12.90,2.40
2010.05.11 14:05:07.358,0.66685,0.6671,1.00,2.40
2010.05.11 14:05:07.989,0.66685,0.66715,9.60,1.00
2010.05.11 14:05:08.239,0.66695,0.6672,9.60,2.40
2010.05.11 14:05:08.485,0.66695,0.6672,4.80,2.40
2010.05.11 14:05:08.736,0.66695,0.6672,1.00,1.00
2010.05.11 14:05:08.986,0.6669,0.6672,10.40,1.00
2010.05.11 14:05:09.665,0.66695,0.6672,4.80,1.00
2010.05.11 14:05:11.878,0.66695,0.6672,4.80,1.00
2010.05.11 14:05:12.040,0.66695,0.6672,4.80,2.40
2010.05.11 14:05:12.726,0.66695,0.6672,4.80,1.00
2010.05.11 14:05:13.510,0.6669,0.66715,2.40,1.00
2010.05.11 14:05:13.769,0.66685,0.6671,1.00,1.00
2010.05.11 14:05:14.281,0.6668,0.6671,4.80,1.00
2010.05.11 14:05:14.529,0.6668,0.6671,2.50,1.00
2010.05.11 14:05:14.866,0.6668,0.6671,2.50,5.60
2010.05.11 14:05:15.498,0.6668,0.6671,2.40,5.60
2010.05.11 14:05:16.055,0.66685,0.6671,1.00,4.80
2010.05.11 14:05:16.335,0.66685,0.66715,1.00,12.00
2010.05.11 14:05:17.132,0.66685,0.66715,1.00,12.00
2010.05.11 14:05:17.476,0.66685,0.66715,1.00,2.40
2010.05.11 14:05:17.817,0.66685,0.66715,1.00,5.60
2010.05.11 14:05:18.606,0.66705,0.66735,9.60,5.60
2010.05.11 14:05:18.945,0.66705,0.6672,10.40,4.00
2010.05.11 14:05:19.737,0.66705,0.66725,11.20,1.00
2010.05.11 14:05:20.077,0.66705,0.6673,10.40,2.40
2010.05.11 14:05:20.579,0.66705,0.6673,1.00,2.40
2010.05.11 14:05:20.850,0.66705,0.66735,1.60,1.00
2010.05.11 14:05:21.117,0.6671,0.66735,2.40,1.00
2010.05.11 14:05:21.608,0.66705,0.66735,11.20,1.00
2010.05.11 14:05:21.950,0.6671,0.6674,2.40,2.40
2010.05.11 14:05:23.067,0.6671,0.6674,3.20,2.40
2010.05.11 14:05:24.165,0.6671,0.6674,3.20,4.80
2010.05.11 14:05:24.764,0.66705,0.66735,1.00,1.60
2010.05.11 14:05:25.343,0.66705,0.66735,4.90,2.40
2010.05.11 14:05:25.693,0.6672,0.66735,1.00,1.00
2010.05.11 14:05:26.500,0.6673,0.66735,9.60,1.00
2010.05.11 14:05:26.789,0.66735,0.66755,9.60,1.00
2010.05.11 14:05:27.075,0.66735,0.6676,9.60,4.80
2010.05.11 14:05:27.850,0.6673,0.6676,9.60,8.00
2010.05.11 14:05:28.198,0.66735,0.6675,4.80,1.00
2010.05.11 14:05:28.538,0.66725,0.6675,9.60,2.40
2010.05.11 14:05:29.318,0.6673,0.66745,4.80,1.60
2010.05.11 14:05:31.520,0.6674,0.6675,4.80,1.60
2010.05.11 14:05:31.750,0.6673,0.6676,2.40,4.80
2010.05.11 14:05:31.976,0.6673,0.66755,2.40,1.60
2010.05.11 14:05:32.634,0.6673,0.66755,7.20,4.00
2010.05.11 14:05:32.654,0.6673,0.66755,7.20,2.40
2010.05.11 14:05:32.985,0.6673,0.6676,8.80,4.80
2010.05.11 14:05:33.326,0.6673,0.6676,4.80,8.80
2010.05.11 14:05:34.025,0.6673,0.6676,2.40,4.80
2010.05.11 14:05:34.348,0.6673,0.6675,2.40,1.60
2010.05.11 14:05:38.338,0.66725,0.6675,1.00,1.60
2010.05.11 14:05:38.606,0.6673,0.6675,2.40,1.60
2010.05.11 14:05:39.355,0.66725,0.6675,4.80,1.60
2010.05.11 14:05:39.695,0.66725,0.6675,7.20,3.20
2010.05.11 14:05:40.375,0.6673,0.6675,2.40,1.60
2010.05.11 14:05:41.091,0.6673,0.6676,8.10,4.80
2010.05.11 14:05:41.346,0.6673,0.6676,3.30,4.00
2010.05.11 14:05:42.235,0.6673,0.6676,8.10,4.00
2010.05.11 14:05:43.316,0.6673,0.6676,8.00,4.00
2010.05.11 14:05:43.595,0.6673,0.6676,8.00,4.00
2010.05.11 14:05:44.731,0.6673,0.6676,8.00,4.80
2010.05.11 14:05:45.796,0.66735,0.6676,1.00,1.00
2010.05.11 14:05:46.474,0.66735,0.66765,1.00,4.80
2010.05.11 14:05:47.204,0.66735,0.66765,1.00,4.80
2010.05.11 14:05:47.494,0.6673,0.6676,12.00,2.40
2010.05.11 14:05:47.794,0.6673,0.6676,2.40,4.80
2010.05.11 14:05:48.481,0.6673,0.66755,2.40,1.60
2010.05.11 14:05:48.830,0.6673,0.6676,3.30,1.00
2010.05.11 14:05:49.168,0.6673,0.6676,3.30,3.20
2010.05.11 14:05:49.896,0.6673,0.6676,3.30,4.00
2010.05.11 14:05:50.524,0.6673,0.6676,8.10,4.00
2010.05.11 14:05:51.656,0.6673,0.6676,3.20,4.00
2010.05.11 14:05:51.754,0.6673,0.6676,3.20,4.00
2010.05.11 14:05:51.844,0.66735,0.6676,1.00,4.00
2010.05.11 14:05:52.384,0.66735,0.6676,1.00,2.40
2010.05.11 14:05:52.730,0.66735,0.66765,1.00,4.00
2010.05.11 14:05:53.832,0.6674,0.66765,2.50,2.40
2010.05.11 14:05:54.132,0.6675,0.6677,1.00,4.80
2010.05.11 14:05:54.429,0.6675,0.6678,4.80,12.00
2010.05.11 14:05:55.211,0.6675,0.6678,4.90,8.00
2010.05.11 14:05:55.557,0.6675,0.6678,4.80,8.80
2010.05.11 14:05:56.524,0.6675,0.6678,4.90,8.80
2010.05.11 14:05:57.426,0.6675,0.6678,4.80,8.80
2010.05.11 14:05:57.756,0.6675,0.6678,2.40,7.20
2010.05.11 14:05:58.095,0.6675,0.6678,4.90,6.40
2010.05.11 14:05:59.227,0.66745,0.66775,1.60,1.00
2010.05.11 14:05:59.993,0.6674,0.66775,4.90,10.40
2010.05.11 14:06:00.288,0.66745,0.66775,1.70,1.60
2010.05.11 14:06:00.585,0.66745,0.66775,1.70,1.00
2010.05.11 14:06:01.718,0.66745,0.66775,1.60,1.00
2010.05.11 14:06:01.994,0.66745,0.66775,2.50,1.00
2010.05.11 14:06:03.235,0.6674,0.66775,8.90,4.00
2010.05.11 14:06:03.574,0.6674,0.66775,4.10,14.40
2010.05.11 14:06:05.263,0.6674,0.6677,4.10,4.80
2010.05.11 14:06:05.936,0.66745,0.66775,2.40,1.60
2010.05.11 14:06:06.693,0.66745,0.66775,2.40,1.60
2010.05.11 14:06:07.193,0.66745,0.66775,2.40,2.40
2010.05.11 14:06:07.522,0.6674,0.6677,3.20,9.60
2010.05.11 14:06:07.839,0.6674,0.6677,3.20,8.80
2010.05.11 14:06:08.621,0.6674,0.6677,4.10,13.60
2010.05.11 14:06:08.965,0.6674,0.6677,5.70,8.80
2010.05.11 14:06:10.103,0.6674,0.6677,4.90,8.80
2010.05.11 14:06:10.586,0.6674,0.6677,2.50,9.60
2010.05.11 14:06:10.776,0.6674,0.66765,2.40,1.60
2010.05.11 14:06:11.412,0.6673,0.66755,2.40,1.00
2010.05.11 14:06:11.759,0.66725,0.66755,1.00,5.60
2010.05.11 14:06:12.250,0.66725,0.66755,1.00,5.60
2010.05.11 14:06:12.601,0.6672,0.6675,1.00,16.80
2010.05.11 14:06:13.738,0.6672,0.6675,2.40,13.60
2010.05.11 14:06:14.077,0.6672,0.6675,2.50,4.00
2010.05.11 14:06:14.416,0.6672,0.6675,2.50,1.00
2010.05.11 14:06:15.155,0.6672,0.66755,8.10,9.60
2010.05.11 14:06:16.194,0.6672,0.6675,7.30,1.00
2010.05.11 14:06:17.342,0.6672,0.6675,2.50,1.00
2010.05.11 14:06:17.669,0.6672,0.6675,7.30,1.00
2010.05.11 14:06:18.703,0.6672,0.6675,12.10,1.00
2010.05.11 14:06:18.996,0.6672,0.66755,12.90,4.80
2010.05.11 14:06:19.277,0.66725,0.66755,1.00,3.20
2010.05.11 14:06:20.022,0.66725,0.66755,1.00,2.40
2010.05.11 14:06:20.368,0.66725,0.66755,1.00,1.00
2010.05.11 14:06:22.354,0.6672,0.66755,12.90,1.00
2010.05.11 14:06:22.898,0.6672,0.66755,14.50,1.00
2010.05.11 14:06:23.245,0.6672,0.66755,15.30,1.00
2010.05.11 14:06:24.275,0.6672,0.66755,12.90,1.00
2010.05.11 14:06:26.889,0.6672,0.6675,5.60,2.40
2010.05.11 14:06:27.229,0.6672,0.66755,12.80,1.00
2010.05.11 14:06:27.848,0.6672,0.66755,12.90,1.00
2010.05.11 14:06:29.350,0.6674,0.6676,1.00,3.20
2010.05.11 14:06:29.687,0.6674,0.6677,1.00,3.10
2010.05.11 14:06:30.467,0.6674,0.6677,7.20,1.60
2010.05.11 14:06:30.805,0.6674,0.66775,3.30,12.80
2010.05.11 14:06:31.568,0.6674,0.66765,7.20,1.60
2010.05.11 14:06:31.885,0.6674,0.6677,8.00,1.60
2010.05.11 14:06:32.693,0.6674,0.6677,8.10,1.60
2010.05.11 14:06:33.042,0.66735,0.66765,5.70,2.40
2010.05.11 14:06:33.392,0.66735,0.66765,1.00,2.40
2010.05.11 14:06:34.258,0.6673,0.66755,7.20,1.00
2010.05.11 14:06:34.535,0.6672,0.66755,15.30,1.00
2010.05.11 14:06:34.815,0.66725,0.6676,1.00,17.60
2010.05.11 14:06:35.156,0.6673,0.6676,3.30,1.00
2010.05.11 14:06:35.663,0.6673,0.6676,1.00,1.00
2010.05.11 14:06:36.004,0.66725,0.6676,10.50,1.60
2010.05.11 14:06:37.192,0.6673,0.6676,1.00,1.00
2010.05.11 14:06:38.110,0.66725,0.6676,12.90,1.00
2010.05.11 14:06:38.417,0.6673,0.6676,7.30,1.00
2010.05.11 14:06:39.045,0.6673,0.6676,1.00,2.40
2010.05.11 14:06:39.363,0.6673,0.6676,1.00,1.00
2010.05.11 14:06:40.557,0.66725,0.6676,12.80,1.60
2010.05.11 14:06:41.176,0.66725,0.66755,1.00,2.40
2010.05.11 14:06:41.349,0.66725,0.66745,1.00,1.00
2010.05.11 14:06:42.290,0.66715,0.66745,8.10,1.00
2010.05.11 14:06:42.635,0.66715,0.66745,7.30,1.00
2010.05.11 14:06:43.011,0.66715,0.6675,7.30,8.00
2010.05.11 14:06:43.355,0.6672,0.6675,2.40,1.00
2010.05.11 14:06:44.953,0.6672,0.66745,2.40,1.00
2010.05.11 14:06:45.295,0.66715,0.66745,7.30,1.00
2010.05.11 14:06:48.238,0.6671,0.6674,3.30,1.00
2010.05.11 14:06:48.574,0.6671,0.6674,3.20,1.00
2010.05.11 14:06:49.484,0.6671,0.6674,2.40,1.00
2010.05.11 14:06:50.215,0.66705,0.66735,5.60,2.40
2010.05.11 14:06:50.704,0.66705,0.6673,5.60,1.00
2010.05.11 14:06:51.045,0.667,0.6673,8.90,1.00
2010.05.11 14:06:51.384,0.667,0.6673,4.10,1.00
2010.05.11 14:06:52.066,0.66705,0.66735,1.00,9.60
2010.05.11 14:06:52.318,0.6671,0.66745,3.30,16.80
2010.05.11 14:06:52.564,0.6671,0.66745,3.30,7.20
2010.05.11 14:06:53.011,0.6671,0.66745,3.30,5.60
2010.05.11 14:06:53.266,0.66705,0.6674,3.30,2.40
2010.05.11 14:06:53.605,0.66705,0.6674,1.60,2.40
2010.05.11 14:06:54.450,0.6671,0.66745,3.30,15.20
2010.05.11 14:06:55.126,0.66715,0.66745,1.00,4.80
2010.05.11 14:06:55.609,0.66715,0.66745,1.00,3.20
2010.05.11 14:06:55.973,0.66715,0.66745,1.00,10.40
2010.05.11 14:06:56.319,0.66715,0.66745,1.00,1.00
2010.05.11 14:06:57.185,0.66715,0.66745,4.80,1.00
2010.05.11 14:06:57.424,0.66715,0.66745,4.90,1.00
2010.05.11 14:07:01.084,0.66715,0.66745,4.80,1.00
2010.05.11 14:07:01.355,0.6671,0.66745,16.00,1.00
2010.05.11 14:07:01.625,0.66715,0.66745,4.80,1.00
2010.05.11 14:07:05.357,0.66715,0.66745,4.80,1.00
2010.05.11 14:07:06.089,0.6671,0.66745,4.00,11.20
2010.05.11 14:07:06.386,0.6671,0.6674,2.40,1.00
2010.05.11 14:07:07.146,0.6671,0.6674,2.40,4.00
2010.05.11 14:07:07.826,0.6671,0.66735,2.40,1.00
2010.05.11 14:07:08.283,0.6671,0.66735,2.40,2.40
2010.05.11 14:07:08.537,0.66705,0.66735,1.00,2.40
2010.05.11 14:07:09.036,0.66705,0.66735,1.00,2.40
2010.05.11 14:07:09.559,0.66705,0.66725,1.00,1.60
2010.05.11 14:07:09.902,0.66695,0.66725,12.90,1.60
2010.05.11 14:07:11.031,0.66695,0.66725,1.70,1.60
2010.05.11 14:07:11.556,0.66695,0.66725,1.00,1.60
2010.05.11 14:07:12.395,0.667,0.66725,1.00,1.60
2010.05.11 14:07:12.650,0.667,0.66735,10.50,2.40
2010.05.11 14:07:12.995,0.667,0.66735,10.50,7.20
2010.05.11 14:07:13.754,0.66705,0.66735,1.00,7.20
2010.05.11 14:07:14.025,0.667,0.66735,10.50,2.40
2010.05.11 14:07:14.304,0.667,0.66735,10.50,7.20
2010.05.11 14:07:15.461,0.6671,0.6674,2.40,14.40
2010.05.11 14:07:15.767,0.66715,0.6674,1.00,4.80
2010.05.11 14:07:16.065,0.66715,0.66745,1.00,9.60
2010.05.11 14:07:16.812,0.66715,0.66745,1.00,14.40
2010.05.11 14:07:17.235,0.6671,0.66745,3.30,15.20
2010.05.11 14:07:17.563,0.66715,0.66745,1.00,14.40
2010.05.11 14:07:18.870,0.66715,0.66745,1.00,14.40
2010.05.11 14:07:19.424,0.66715,0.66745,1.00,9.60
2010.05.11 14:07:19.525,0.66715,0.66745,1.00,7.20
2010.05.11 14:07:19.575,0.66715,0.66745,1.00,2.40
2010.05.11 14:07:20.306,0.66715,0.66745,1.00,1.00
2010.05.11 14:07:20.649,0.66715,0.66745,1.00,2.40
2010.05.11 14:07:20.795,0.66715,0.66745,1.00,1.00
2010.05.11 14:07:22.074,0.66715,0.66745,1.00,1.00
2010.05.11 14:07:22.414,0.66715,0.66745,1.00,1.00
2010.05.11 14:07:23.875,0.66715,0.66745,1.00,1.00
2010.05.11 14:07:24.677,0.66715,0.66745,5.60,1.00
2010.05.11 14:07:26.524,0.66715,0.66745,10.40,1.00
2010.05.11 14:07:27.172,0.66715,0.66745,10.40,1.00
2010.05.11 14:07:28.806,0.6671,0.6674,7.20,1.00
2010.05.11 14:07:29.145,0.6671,0.6674,2.40,1.00
2010.05.11 14:07:30.131,0.6671,0.6674,12.00,1.00
2010.05.11 14:07:30.464,0.66715,0.6674,4.80,1.00
2010.05.11 14:07:30.805,0.6671,0.6674,12.10,1.00
2010.05.11 14:07:31.266,0.6671,0.6674,13.70,1.00
2010.05.11 14:07:31.511,0.6673,0.6675,9.60,1.00
2010.05.11 14:07:31.807,0.6673,0.66755,9.60,4.00
2010.05.11 14:07:32.547,0.66735,0.66755,4.80,4.00
2010.05.11 14:07:32.889,0.6671,0.66735,7.20,1.60
2010.05.11 14:07:33.643,0.6671,0.66735,4.10,1.60
2010.05.11 14:07:33.930,0.6672,0.66745,1.00,4.00
2010.05.11 14:07:34.218,0.66715,0.66745,7.20,4.00
2010.05.11 14:07:34.947,0.6672,0.66745,1.00,4.00
2010.05.11 14:07:35.290,0.66715,0.6674,1.60,3.20
2010.05.11 14:07:35.627,0.66715,0.6674,1.60,4.00
2010.05.11 14:07:37.097,0.66715,0.6674,1.70,4.00
2010.05.11 14:07:37.855,0.66715,0.6674,11.20,4.00
2010.05.11 14:07:38.168,0.6671,0.6674,14.50,4.00
2010.05.11 14:07:38.478,0.6671,0.6674,12.00,4.80
2010.05.11 14:07:39.571,0.6671,0.66735,12.00,1.60
2010.05.11 14:07:39.861,0.6671,0.66735,2.40,3.20
2010.05.11 14:07:41.277,0.6671,0.66735,2.40,4.00
2010.05.11 14:07:43.134,0.6672,0.66735,9.60,4.00
2010.05.11 14:07:43.478,0.66715,0.66735,1.00,1.00
2010.05.11 14:07:44.349,0.66715,0.66745,9.70,4.80
2010.05.11 14:07:44.504,0.66715,0.66745,10.50,4.00
2010.05.11 14:07:45.071,0.66715,0.66745,2.50,2.40
2010.05.11 14:07:45.233,0.66715,0.66745,7.20,1.00
2010.05.11 14:07:45.577,0.66715,0.6675,7.20,9.60
2010.05.11 14:07:46.066,0.6672,0.6675,1.00,8.80
2010.05.11 14:07:46.410,0.6673,0.6675,2.40,1.00
2010.05.11 14:07:47.161,0.6673,0.6675,2.50,1.00
2010.05.11 14:07:47.478,0.6673,0.6676,2.40,1.00
2010.05.11 14:07:49.397,0.6673,0.66755,2.40,1.00
2010.05.11 14:07:49.896,0.66725,0.66755,11.20,1.00
2010.05.11 14:07:50.239,0.66725,0.66755,9.60,3.20
2010.05.11 14:07:50.577,0.66725,0.6675,10.40,1.60
2010.05.11 14:07:51.995,0.6674,0.66755,9.60,1.00
2010.05.11 14:07:52.316,0.66725,0.66755,9.60,2.40
2010.05.11 14:07:52.926,0.66725,0.66755,4.80,2.40
2010.05.11 14:07:53.131,0.66725,0.66755,9.70,2.40
2010.05.11 14:07:54.056,0.66725,0.66755,9.70,1.00
2010.05.11 14:07:54.389,0.66725,0.6676,11.30,3.20
2010.05.11 14:07:55.162,0.66725,0.6676,10.50,3.20
2010.05.11 14:07:55.517,0.66725,0.6676,10.40,3.20
2010.05.11 14:07:55.798,0.6672,0.6675,12.90,1.00
2010.05.11 14:07:56.077,0.6672,0.6675,7.30,2.40
2010.05.11 14:07:56.792,0.6672,0.6675,2.50,2.40
2010.05.11 14:07:57.006,0.6672,0.66745,2.40,1.00
2010.05.11 14:07:59.950,0.6672,0.6675,12.00,4.80
2010.05.11 14:08:00.177,0.6672,0.6675,7.20,4.80
2010.05.11 14:08:00.946,0.6672,0.6675,12.00,3.20
2010.05.11 14:08:01.288,0.66715,0.66745,9.70,1.00
2010.05.11 14:08:02.297,0.6671,0.66745,15.30,4.80
2010.05.11 14:08:02.904,0.66715,0.6674,1.00,1.00
2010.05.11 14:08:03.426,0.6671,0.6674,12.90,1.00
2010.05.11 14:08:03.686,0.6671,0.66745,14.50,5.60
2010.05.11 14:08:06.148,0.66715,0.66745,1.60,5.60
2010.05.11 14:08:06.488,0.6672,0.6675,2.40,4.80
2010.05.11 14:08:06.825,0.6672,0.6675,2.50,4.80
2010.05.11 14:08:07.575,0.66725,0.6675,1.00,2.40
2010.05.11 14:08:07.845,0.6673,0.66755,4.80,4.80
2010.05.11 14:08:08.328,0.6673,0.66755,5.60,2.40
2010.05.11 14:08:08.669,0.6673,0.6676,8.00,1.60
2010.05.11 14:08:09.004,0.6673,0.6676,8.00,1.00
2010.05.11 14:08:09.622,0.6673,0.6676,8.10,1.00
2010.05.11 14:08:12.501,0.6674,0.6676,2.40,1.00
2010.05.11 14:08:12.842,0.66735,0.6676,1.60,1.00
2010.05.11 14:08:13.982,0.66735,0.66765,2.40,4.00
2010.05.11 14:08:15.449,0.66735,0.66765,1.00,4.00
2010.05.11 14:08:15.790,0.6673,0.6676,3.20,3.20
2010.05.11 14:08:16.096,0.66725,0.6676,12.10,4.00
2010.05.11 14:08:16.645,0.66725,0.6676,10.50,4.00
2010.05.11 14:08:16.801,0.66725,0.66755,4.80,1.00
2010.05.11 14:08:17.148,0.66725,0.66755,5.60,3.20
2010.05.11 14:08:17.484,0.66725,0.66755,10.40,4.00
2010.05.11 14:08:17.926,0.6673,0.66755,2.40,4.00
2010.05.11 14:08:18.271,0.6673,0.6676,5.70,4.00
2010.05.11 14:08:18.619,0.66735,0.6676,1.00,1.00
2010.05.11 14:08:19.451,0.66735,0.6677,1.60,18.40
2010.05.11 14:08:19.786,0.6674,0.6677,2.40,4.80
2010.05.11 14:08:20.966,0.66735,0.6677,6.40,13.60
2010.05.11 14:08:21.179,0.6673,0.66765,13.60,1.00
2010.05.11 14:08:23.481,0.66735,0.66765,1.00,1.00
2010.05.11 14:08:24.421,0.6673,0.66765,13.70,1.00
2010.05.11 14:08:25.554,0.66735,0.66765,1.00,1.00
2010.05.11 14:08:26.866,0.6674,0.6677,2.40,4.80
2010.05.11 14:08:28.014,0.6674,0.6677,2.50,4.80
2010.05.11 14:08:28.757,0.6674,0.6677,2.40,4.80
2010.05.11 14:08:29.435,0.6673,0.66765,14.50,2.40
2010.05.11 14:08:30.014,0.6673,0.66765,13.70,4.80
2010.05.11 14:08:31.640,0.6673,0.66765,13.60,4.80
2010.05.11 14:08:31.896,0.6673,0.6676,7.20,1.00
2010.05.11 14:08:32.188,0.66725,0.6676,10.50,5.60
2010.05.11 14:08:32.477,0.66725,0.6676,10.50,6.40
2010.05.11 14:08:33.209,0.66725,0.66755,1.00,8.80
2010.05.11 14:08:33.545,0.6672,0.66755,8.90,9.60
2010.05.11 14:08:34.575,0.66725,0.66755,1.00,9.60
2010.05.11 14:08:34.837,0.6673,0.66755,4.80,1.00
2010.05.11 14:08:35.312,0.6673,0.6676,9.60,4.00
2010.05.11 14:08:35.855,0.6673,0.6676,8.00,2.40
2010.05.11 14:08:36.135,0.6673,0.66765,8.00,4.00
2010.05.11 14:08:36.596,0.6673,0.66765,3.20,8.80
2010.05.11 14:08:37.092,0.6673,0.66765,3.20,13.60
2010.05.11 14:08:37.345,0.6673,0.66765,8.10,4.00
2010.05.11 14:08:37.594,0.66735,0.66765,1.00,4.00
2010.05.11 14:08:37.924,0.6673,0.66765,8.10,4.00
2010.05.11 14:08:38.256,0.66745,0.6677,1.00,2.40
2010.05.11 14:08:38.936,0.66735,0.66765,12.90,1.00
2010.05.11 14:08:40.506,0.6674,0.66765,1.00,1.00
2010.05.11 14:08:42.649,0.6674,0.6677,1.00,1.00
2010.05.11 14:08:42.986,0.6674,0.6677,8.80,1.00
2010.05.11 14:08:43.325,0.66745,0.66775,1.00,1.00
2010.05.11 14:08:43.624,0.66745,0.66775,5.60,1.00
2010.05.11 14:08:46.539,0.66745,0.66775,5.70,1.00
2010.05.11 14:08:51.651,0.66755,0.66775,1.00,1.00
2010.05.11 14:08:51.810,0.6677,0.6679,1.00,1.00
2010.05.11 14:08:51.969,0.6677,0.66795,4.80,1.60
2010.05.11 14:08:52.749,0.66765,0.668,10.40,3.20
2010.05.11 14:08:53.087,0.6677,0.668,1.00,3.20
2010.05.11 14:08:53.458,0.66765,0.668,10.50,3.20
2010.05.11 14:08:53.784,0.6677,0.668,1.00,3.20
2010.05.11 14:08:54.104,0.66765,0.668,10.50,3.20
2010.05.11 14:08:55.436,0.6677,0.668,1.00,3.20
2010.05.11 14:08:56.524,0.66765,0.668,10.50,7.20
2010.05.11 14:08:56.779,0.6676,0.66795,13.70,1.00
2010.05.11 14:08:57.018,0.6676,0.66795,12.90,1.00
2010.05.11 14:08:57.256,0.6676,0.66795,8.10,1.00
2010.05.11 14:08:58.047,0.6676,0.66795,12.90,1.00
2010.05.11 14:08:59.483,0.66765,0.66795,1.00,1.00
2010.05.11 14:09:00.759,0.66765,0.66795,1.00,1.00
2010.05.11 14:09:01.893,0.6676,0.66795,12.80,1.00
2010.05.11 14:09:02.195,0.66765,0.668,1.00,19.20
2010.05.11 14:09:02.345,0.66765,0.668,1.00,16.80
2010.05.11 14:09:02.792,0.66765,0.668,5.60,12.00
2010.05.11 14:09:03.136,0.66765,0.668,10.40,7.20
2010.05.11 14:09:04.821,0.66775,0.668,1.00,7.20
2010.05.11 14:09:04.839,0.66775,0.668,1.00,5.60
2010.05.11 14:09:05.040,0.6677,0.66795,7.30,1.00
2010.05.11 14:09:05.248,0.66765,0.668,10.50,5.60
2010.05.11 14:09:05.447,0.66765,0.66795,1.00,1.00
2010.05.11 14:09:05.646,0.66765,0.668,1.00,15.20
2010.05.11 14:09:06.079,0.66765,0.668,1.00,16.80
2010.05.11 14:09:06.410,0.6676,0.66795,12.80,4.00
2010.05.11 14:09:06.738,0.66765,0.66795,4.80,5.60
2010.05.11 14:09:07.065,0.6676,0.66795,12.80,5.60
2010.05.11 14:09:08.320,0.6676,0.66795,12.80,4.00
2010.05.11 14:09:08.354,0.66765,0.668,10.40,5.60
2010.05.11 14:09:09.088,0.66765,0.668,10.50,5.60
2010.05.11 14:09:12.557,0.66765,0.668,10.50,4.80
2010.05.11 14:09:12.806,0.6677,0.668,1.00,4.80
2010.05.11 14:09:14.531,0.66765,0.668,10.50,4.80
2010.05.11 14:09:16.185,0.66765,0.668,10.50,3.20
2010.05.11 14:09:16.377,0.6677,0.668,1.00,3.20
2010.05.11 14:09:17.348,0.66765,0.668,10.50,5.60
2010.05.11 14:09:21.454,0.66765,0.668,5.70,5.60
2010.05.11 14:09:21.921,0.66765,0.668,5.70,10.40
2010.05.11 14:09:22.111,0.66765,0.668,10.50,5.60
2010.05.11 14:09:23.417,0.66765,0.668,10.50,4.80
2010.05.11 14:09:23.676,0.66765,0.668,11.30,4.00
2010.05.11 14:09:23.938,0.6677,0.66795,2.40,1.00
2010.05.11 14:09:24.504,0.6677,0.668,2.50,1.00
2010.05.11 14:09:24.757,0.6677,0.66795,2.50,1.00
2010.05.11 14:09:25.428,0.6677,0.66795,2.40,1.00
2010.05.11 14:09:25.714,0.66765,0.668,12.90,3.20
2010.05.11 14:09:26.359,0.66765,0.668,10.50,4.80
2010.05.11 14:09:26.585,0.66765,0.668,10.50,1.60
2010.05.11 14:09:26.855,0.6677,0.66805,1.00,16.00
2010.05.11 14:09:27.124,0.66765,0.668,10.50,1.60
2010.05.11 14:09:29.544,0.66765,0.668,10.50,3.20
2010.05.11 14:09:29.574,0.66765,0.668,10.50,4.80
2010.05.11 14:09:30.404,0.6677,0.668,4.10,2.40
2010.05.11 14:09:30.685,0.66775,0.66805,1.00,4.80
2010.05.11 14:09:30.975,0.6677,0.66805,13.70,4.80
2010.05.11 14:09:31.264,0.66775,0.66805,1.00,4.80
2010.05.11 14:09:33.179,0.6677,0.66805,13.70,4.80
2010.05.11 14:09:33.355,0.66775,0.668,1.00,1.00
2010.05.11 14:09:33.914,0.6677,0.668,12.90,1.00
2010.05.11 14:09:34.242,0.66775,0.66805,1.00,4.80
2010.05.11 14:09:34.566,0.66775,0.66805,1.00,1.00
2010.05.11 14:09:34.975,0.6677,0.668,12.90,1.00
2010.05.11 14:09:35.184,0.6677,0.668,8.10,1.00
2010.05.11 14:09:35.772,0.66775,0.66805,1.00,14.40
2010.05.11 14:09:35.980,0.6677,0.66805,13.70,1.00
2010.05.11 14:09:36.184,0.66775,0.66805,1.00,1.00
2010.05.11 14:09:37.830,0.66765,0.66795,1.00,1.00
2010.05.11 14:09:38.079,0.6676,0.6679,4.80,1.00
2010.05.11 14:09:38.752,0.6676,0.6679,3.20,5.60
2010.05.11 14:09:39.001,0.6676,0.6679,3.20,2.40
2010.05.11 14:09:39.348,0.6676,0.66795,3.30,9.60
2010.05.11 14:09:39.824,0.6676,0.66795,3.30,14.40
2010.05.11 14:09:40.166,0.6676,0.66795,3.30,9.60
2010.05.11 14:09:41.672,0.6676,0.66795,3.30,14.40
2010.05.11 14:09:41.946,0.6676,0.66795,3.30,9.60
2010.05.11 14:09:42.214,0.6676,0.66795,3.20,9.60
2010.05.11 14:09:42.556,0.6676,0.66795,3.30,9.60
2010.05.11 14:09:43.122,0.6676,0.66795,3.30,14.40
2010.05.11 14:09:43.464,0.6676,0.66795,3.30,9.60
2010.05.11 14:09:43.755,0.66765,0.66795,1.00,8.80
2010.05.11 14:09:43.964,0.66765,0.66795,1.00,7.20
2010.05.11 14:09:44.560,0.66765,0.66795,1.00,1.60
2010.05.11 14:09:44.767,0.66765,0.66795,1.00,1.60
2010.05.11 14:09:45.085,0.66765,0.668,1.00,16.00
2010.05.11 14:09:45.671,0.6676,0.6679,8.90,1.00
2010.05.11 14:09:45.983,0.66755,0.66785,5.60,1.00
2010.05.11 14:09:46.278,0.6675,0.66785,4.10,5.60
2010.05.11 14:09:47.004,0.6675,0.66785,4.10,7.20
2010.05.11 14:09:47.286,0.66755,0.66785,1.00,6.40
2010.05.11 14:09:47.575,0.66755,0.66785,1.00,2.40
2010.05.11 14:09:47.865,0.6676,0.6679,1.00,13.60
2010.05.11 14:09:48.157,0.6676,0.6679,3.20,10.40
2010.05.11 14:09:48.615,0.6676,0.6679,3.30,10.40
2010.05.11 14:09:48.958,0.6676,0.66795,12.90,4.80
2010.05.11 14:09:49.297,0.6676,0.66795,12.80,4.80
2010.05.11 14:09:49.577,0.6676,0.66795,3.30,14.40
2010.05.11 14:09:50.054,0.66765,0.66795,1.00,13.60
2010.05.11 14:09:50.338,0.66765,0.668,10.50,6.40
2010.05.11 14:09:50.794,0.66765,0.668,10.50,2.40
2010.05.11 14:09:51.357,0.66765,0.668,10.40,2.40
2010.05.11 14:09:51.585,0.66765,0.6679,9.60,1.00
2010.05.11 14:09:52.301,0.6676,0.6679,3.20,1.00
2010.05.11 14:09:52.649,0.6676,0.6679,3.20,1.00
2010.05.11 14:09:57.348,0.66755,0.66785,1.00,1.60
2010.05.11 14:09:57.595,0.6675,0.66785,3.30,11.20
2010.05.11 14:09:57.845,0.6675,0.66785,12.90,3.20
2010.05.11 14:09:58.931,0.6676,0.6679,2.40,1.00
2010.05.11 14:09:59.277,0.6676,0.66795,4.90,1.60
2010.05.11 14:09:59.742,0.6676,0.66795,4.90,1.00
2010.05.11 14:10:00.154,0.66765,0.66795,1.00,1.60
2010.05.11 14:10:00.456,0.66765,0.66795,1.60,2.40
2010.05.11 14:10:00.614,0.66765,0.66795,1.00,2.40
2010.05.11 14:10:01.365,0.6676,0.66795,5.60,2.40
2010.05.11 14:10:01.891,0.66765,0.66795,1.00,2.40
2010.05.11 14:10:02.290,0.6676,0.66795,5.60,2.40
2010.05.11 14:10:02.515,0.6676,0.6679,3.30,1.60
2010.05.11 14:10:03.056,0.6676,0.6679,3.20,6.40
2010.05.11 14:10:03.386,0.6676,0.6679,2.40,6.40
2010.05.11 14:10:03.725,0.6676,0.6679,3.30,5.60
2010.05.11 14:10:04.065,0.6676,0.6679,3.30,1.00
2010.05.11 14:10:04.527,0.6676,0.6679,2.50,1.60
2010.05.11 14:10:04.861,0.66755,0.6679,3.20,11.20
2010.05.11 14:10:05.178,0.6676,0.6679,1.00,10.40
2010.05.11 14:10:05.644,0.6676,0.6679,1.00,12.00
2010.05.11 14:10:05.951,0.6676,0.6679,3.20,1.00
2010.05.11 14:10:06.567,0.6676,0.6679,2.40,3.20
2010.05.11 14:10:07.343,0.6676,0.6679,8.10,1.00
2010.05.11 14:10:07.607,0.6676,0.6679,3.20,1.00
2010.05.11 14:10:08.126,0.6676,0.6679,8.00,1.00
2010.05.11 14:10:08.590,0.6676,0.66785,7.20,1.00
2010.05.11 14:10:08.929,0.66755,0.66785,5.60,1.00
2010.05.11 14:10:09.267,0.6676,0.6679,3.20,4.80
2010.05.11 14:10:09.605,0.6676,0.6679,3.20,4.00
2010.05.11 14:10:10.399,0.6676,0.6679,2.40,15.20
2010.05.11 14:10:10.734,0.6676,0.6679,2.40,16.80
2010.05.11 14:10:11.216,0.66755,0.6679,1.00,19.20
2010.05.11 14:10:11.483,0.6675,0.6678,2.40,1.00
2010.05.11 14:10:11.725,0.6675,0.6678,2.40,1.00
2010.05.11 14:10:12.747,0.6675,0.6678,7.20,1.00
2010.05.11 14:10:12.936,0.6675,0.66785,8.00,9.60
2010.05.11 14:10:13.126,0.6675,0.66785,12.80,4.80
2010.05.11 14:10:14.099,0.6675,0.66785,3.20,14.40
2010.05.11 14:10:14.869,0.6675,0.66785,3.30,14.40
2010.05.11 14:10:15.166,0.6675,0.66785,8.10,1.00
2010.05.11 14:10:16.014,0.6675,0.66785,3.30,10.40
2010.05.11 14:10:16.687,0.6675,0.66775,2.50,1.00
2010.05.11 14:10:16.866,0.6675,0.6678,1.00,16.00
2010.05.11 14:10:17.436,0.6675,0.6678,2.40,8.80
2010.05.11 14:10:17.662,0.66745,0.6678,1.00,14.40
2010.05.11 14:10:17.884,0.66745,0.6678,1.00,15.20
2010.05.11 14:10:18.325,0.6675,0.6678,3.30,14.40
2010.05.11 14:10:18.951,0.6675,0.6678,3.30,4.80
2010.05.11 14:10:19.301,0.66745,0.66775,1.00,10.40
2010.05.11 14:10:19.650,0.66745,0.66775,1.00,5.60
2010.05.11 14:10:20.112,0.66745,0.66775,1.00,10.40
2010.05.11 14:10:20.405,0.6674,0.66775,3.30,10.40
2010.05.11 14:10:20.687,0.6674,0.66775,3.30,13.60
2010.05.11 14:10:20.967,0.6674,0.66775,3.20,13.70
2010.05.11 14:10:21.701,0.66735,0.66765,3.00,5.60
2010.05.11 14:10:21.924,0.66725,0.66755,1.30,1.00
2010.05.11 14:10:22.140,0.6673,0.66755,2.40,1.00
2010.05.11 14:10:22.779,0.6673,0.66765,1.00,14.40
2010.05.11 14:10:23.120,0.6674,0.66775,3.20,14.40
2010.05.11 14:10:23.457,0.6674,0.6677,2.40,1.00
2010.05.11 14:10:24.271,0.66735,0.66765,5.60,4.00
2010.05.11 14:10:24.619,0.6673,0.6674,1.00,1.00
2010.05.11 14:10:25.407,0.66715,0.66745,1.60,1.00
2010.05.11 14:10:25.746,0.66715,0.66745,5.60,1.00
2010.05.11 14:10:26.591,0.66715,0.66745,1.00,1.00
2010.05.11 14:10:26.929,0.6671,0.6674,2.40,1.00
2010.05.11 14:10:28.355,0.6671,0.6674,2.40,1.00
2010.05.11 14:10:29.303,0.6671,0.6674,2.50,1.00
2010.05.11 14:10:32.485,0.6671,0.6674,3.30,1.00
2010.05.11 14:10:32.826,0.66715,0.6675,1.00,16.00
2010.05.11 14:10:33.603,0.66725,0.66755,1.00,1.60
2010.05.11 14:10:33.948,0.66725,0.66755,1.00,1.60
2010.05.11 14:10:34.643,0.66725,0.66755,4.80,1.60
2010.05.11 14:10:34.904,0.6673,0.66755,7.20,1.00
2010.05.11 14:10:35.160,0.6673,0.66755,7.30,1.00
2010.05.11 14:10:35.887,0.6674,0.66765,12.80,1.00
2010.05.11 14:10:36.226,0.6674,0.6677,2.40,1.00
2010.05.11 14:10:36.504,0.6674,0.6677,7.20,1.00
2010.05.11 14:10:36.785,0.6674,0.6677,2.40,1.00
2010.05.11 14:10:37.717,0.6674,0.6677,7.20,2.40
2010.05.11 14:10:38.164,0.6674,0.6677,4.80,4.80
2010.05.11 14:10:38.836,0.6674,0.66765,2.40,1.00
2010.05.11 14:10:39.771,0.6674,0.6677,2.40,4.00
2010.05.11 14:10:40.096,0.6674,0.6677,8.10,1.60
2010.05.11 14:10:40.426,0.6674,0.66765,7.20,1.00
2010.05.11 14:10:40.756,0.6673,0.66765,15.30,1.00
2010.05.11 14:10:41.085,0.66735,0.6677,1.00,18.40
2010.05.11 14:10:41.551,0.66735,0.6677,1.00,13.60
2010.05.11 14:10:41.898,0.66735,0.66765,9.70,1.00
2010.05.11 14:10:42.016,0.66735,0.66765,1.00,1.00
2010.05.11 14:10:42.135,0.66735,0.6677,1.00,18.40
2010.05.11 14:10:42.404,0.66735,0.6677,5.70,13.60
2010.05.11 14:10:42.968,0.6674,0.6677,1.00,8.00
2010.05.11 14:10:43.314,0.6674,0.6677,12.00,2.40
2010.05.11 14:10:43.660,0.66735,0.6677,10.50,2.40
2010.05.11 14:10:44.534,0.66735,0.6677,5.70,7.20
2010.05.11 14:10:44.875,0.6674,0.6677,1.00,7.20
2010.05.11 14:10:45.215,0.66735,0.6677,5.70,7.20
2010.05.11 14:10:46.005,0.6674,0.6677,1.00,2.40
2010.05.11 14:10:46.344,0.66735,0.6677,10.50,2.40
2010.05.11 14:10:49.537,0.6674,0.6677,1.00,2.40
2010.05.11 14:10:49.876,0.6673,0.6676,9.70,1.00
2010.05.11 14:10:50.156,0.6673,0.6676,7.20,1.00
2010.05.11 14:10:50.830,0.6673,0.6676,2.40,10.40
2010.05.11 14:10:51.117,0.6673,0.6676,2.40,1.00
2010.05.11 14:10:51.654,0.6673,0.6676,2.40,1.00
2010.05.11 14:10:54.337,0.66735,0.66765,9.70,1.00
2010.05.11 14:10:54.575,0.6674,0.66765,1.00,1.00
2010.05.11 14:10:54.815,0.66735,0.66765,9.70,1.00
2010.05.11 14:10:55.625,0.66735,0.66765,1.00,1.00
2010.05.11 14:10:56.974,0.66735,0.6677,1.00,16.00
2010.05.11 14:10:57.464,0.66735,0.6677,1.00,13.60
2010.05.11 14:10:57.661,0.6674,0.66765,1.00,1.00
2010.05.11 14:10:59.130,0.66735,0.66765,1.00,1.00
2010.05.11 14:11:07.138,0.6674,0.6677,1.00,17.60
2010.05.11 14:11:07.630,0.6674,0.6677,3.20,15.20
2010.05.11 14:11:07.975,0.6676,0.66775,3.20,1.00
2010.05.11 14:11:08.745,0.66765,0.6679,5.70,1.00
2010.05.11 14:11:09.087,0.66775,0.668,10.50,1.00
2010.05.11 14:11:09.428,0.6677,0.668,13.60,1.00
2010.05.11 14:11:09.926,0.6677,0.66795,4.80,1.00
2010.05.11 14:11:10.269,0.66765,0.66795,4.90,1.00
2010.05.11 14:11:11.954,0.66765,0.66795,9.70,1.00
2010.05.11 14:11:12.206,0.6677,0.668,4.80,4.00
2010.05.11 14:11:12.466,0.6677,0.66795,1.00,1.00
2010.05.11 14:11:13.255,0.66765,0.668,10.50,4.00
2010.05.11 14:11:13.858,0.6677,0.66795,1.00,1.00
2010.05.11 14:11:14.603,0.6677,0.66805,12.90,4.80
2010.05.11 14:11:14.878,0.66775,0.66805,9.60,3.20
2010.05.11 14:11:15.156,0.6677,0.66805,12.90,2.40
2010.05.11 14:11:15.938,0.6677,0.668,7.30,1.00
2010.05.11 14:11:16.280,0.6677,0.668,2.50,1.00
2010.05.11 14:11:17.411,0.6677,0.668,2.50,4.80
2010.05.11 14:11:19.424,0.6677,0.668,2.50,1.60
2010.05.11 14:11:19.766,0.66775,0.668,1.00,1.00
2010.05.11 14:11:20.266,0.66775,0.66805,1.00,11.20
2010.05.11 14:11:20.571,0.66775,0.6681,10.40,5.60
2010.05.11 14:11:20.877,0.6678,0.6681,3.20,8.00
2010.05.11 14:11:21.641,0.6678,0.6681,8.10,1.00
2010.05.11 14:11:22.747,0.66785,0.66815,1.00,6.40
2010.05.11 14:11:23.089,0.6679,0.6682,3.30,7.20
2010.05.11 14:11:23.426,0.6679,0.66825,12.90,3.20
2010.05.11 14:11:24.222,0.66795,0.66825,1.00,2.40
2010.05.11 14:11:27.524,0.66795,0.66825,4.90,2.40
2010.05.11 14:11:28.610,0.668,0.6683,7.20,2.40
2010.05.11 14:11:28.886,0.668,0.6683,2.40,2.40
2010.05.11 14:11:29.165,0.668,0.6683,7.20,2.40
2010.05.11 14:11:29.906,0.668,0.6683,2.50,2.40
2010.05.11 14:11:31.435,0.66795,0.66825,11.30,2.40
2010.05.11 14:11:31.708,0.66795,0.66825,1.00,2.40
2010.05.11 14:11:33.190,0.66795,0.66825,1.00,2.40
2010.05.11 14:11:33.519,0.66805,0.6683,1.00,2.40
2010.05.11 14:11:34.300,0.668,0.66825,1.00,1.60
2010.05.11 14:11:34.557,0.66805,0.6683,7.20,4.80
2010.05.11 14:11:35.253,0.6681,0.6684,2.40,4.00
2010.05.11 14:11:35.598,0.6681,0.6684,2.40,4.00
2010.05.11 14:11:36.393,0.668,0.66825,12.80,1.00
2010.05.11 14:11:36.745,0.6679,0.66825,8.80,2.40
2010.05.11 14:11:37.090,0.6679,0.66825,12.90,1.00
2010.05.11 14:11:37.852,0.6679,0.66815,9.60,2.40
2010.05.11 14:11:38.200,0.6678,0.66815,12.90,2.40
2010.05.11 14:11:38.836,0.6678,0.6681,12.00,1.00
2010.05.11 14:11:39.336,0.6678,0.6681,7.20,1.00
2010.05.11 14:11:39.645,0.66765,0.66775,2.20,1.00
2010.05.11 14:11:40.425,0.6676,0.66775,2.00,1.00
2010.05.11 14:11:40.752,0.6676,0.66765,2.00,1.00
2010.05.11 14:11:41.210,0.66745,0.66765,1.00,1.00
2010.05.11 14:11:41.541,0.6674,0.66775,3.60,14.40
2010.05.11 14:11:41.879,0.66745,0.66775,4.80,4.80
2010.05.11 14:11:42.360,0.6675,0.66775,1.00,2.40
2010.05.11 14:11:42.699,0.6675,0.6678,12.80,1.60
2010.05.11 14:11:43.035,0.6675,0.6678,12.80,1.00
2010.05.11 14:11:43.835,0.6675,0.6678,12.90,1.00
2010.05.11 14:11:44.181,0.6674,0.66765,8.00,1.00
2010.05.11 14:11:44.398,0.66735,0.66765,4.90,1.00
2010.05.11 14:11:44.990,0.66735,0.6676,4.80,1.00
2010.05.11 14:11:45.207,0.6673,0.6676,7.30,2.40
2010.05.11 14:11:46.849,0.6674,0.6677,2.40,10.40
2010.05.11 14:11:47.437,0.6674,0.6677,7.20,5.60
2010.05.11 14:11:47.758,0.6674,0.6677,8.80,1.00
2010.05.11 14:11:48.077,0.6674,0.6677,8.90,1.00
2010.05.11 14:11:49.415,0.66745,0.6678,5.60,15.20
2010.05.11 14:11:50.216,0.66755,0.66785,4.80,4.00
2010.05.11 14:11:50.564,0.66765,0.6679,1.60,1.00
2010.05.11 14:11:51.345,0.6677,0.66795,2.40,1.60
2010.05.11 14:11:51.659,0.6677,0.66795,2.40,1.00
2010.05.11 14:11:53.066,0.6677,0.668,2.40,4.80
2010.05.11 14:11:57.221,0.6677,0.66795,2.40,1.60
2010.05.11 14:11:57.458,0.6676,0.66795,15.20,6.40
2010.05.11 14:11:58.093,0.6676,0.6678,8.00,1.00
2010.05.11 14:11:58.440,0.6675,0.66785,13.60,3.20
2010.05.11 14:11:58.774,0.6675,0.66785,12.90,3.20
2010.05.11 14:11:59.115,0.6675,0.66785,13.70,1.60
2010.05.11 14:11:59.579,0.6675,0.66785,13.70,3.20
2010.05.11 14:11:59.915,0.66755,0.66785,1.00,3.20
2010.05.11 14:12:01.307,0.66755,0.66785,1.00,2.40
2010.05.11 14:12:01.604,0.66755,0.66785,10.40,1.00
2010.05.11 14:12:02.372,0.66755,0.66785,10.40,2.40
2010.05.11 14:12:02.468,0.66755,0.66785,1.00,3.20
2010.05.11 14:12:02.937,0.66755,0.66785,1.00,1.60
2010.05.11 14:12:03.557,0.66765,0.66795,1.00,10.40
2010.05.11 14:12:03.897,0.6677,0.668,1.00,3.20
2010.05.11 14:12:04.235,0.6677,0.668,8.00,1.00
2010.05.11 14:12:05.976,0.6677,0.668,8.00,1.00
2010.05.11 14:12:06.582,0.6677,0.668,8.10,1.00
2010.05.11 14:12:08.466,0.6677,0.668,14.50,1.00
2010.05.11 14:12:08.811,0.6677,0.668,10.40,1.00
2010.05.11 14:12:09.606,0.66765,0.66795,12.90,1.00
2010.05.11 14:12:09.946,0.6677,0.668,2.40,1.00
2010.05.11 14:12:10.287,0.6677,0.6679,2.40,1.00
2010.05.11 14:12:10.541,0.66765,0.66795,1.60,2.40
2010.05.11 14:12:11.203,0.6676,0.66795,13.60,2.40
2010.05.11 14:12:11.817,0.6677,0.66795,2.40,4.80
2010.05.11 14:12:12.016,0.6676,0.66795,12.90,3.20
2010.05.11 14:12:12.632,0.66765,0.66795,9.60,3.20
2010.05.11 14:12:12.977,0.66765,0.66795,1.00,1.00
2010.05.11 14:12:13.315,0.6676,0.66795,13.60,1.00
2010.05.11 14:12:13.691,0.66765,0.66795,1.00,1.00
2010.05.11 14:12:15.053,0.6676,0.66795,13.70,1.00
2010.05.11 14:12:15.828,0.66765,0.66795,1.00,1.00
2010.05.11 14:12:17.514,0.6676,0.66795,13.70,1.00
2010.05.11 14:12:18.675,0.6676,0.6679,12.80,1.00
2010.05.11 14:12:19.382,0.66755,0.66785,11.20,1.00
2010.05.11 14:12:19.557,0.66755,0.66785,1.00,1.00
2010.05.11 14:12:19.758,0.66755,0.66785,1.00,1.00
2010.05.11 14:12:19.925,0.6675,0.66785,15.30,1.60
2010.05.11 14:12:20.510,0.6675,0.66785,13.70,3.20
2010.05.11 14:12:20.864,0.6675,0.6678,2.40,1.00
2010.05.11 14:12:22.012,0.6675,0.6678,3.20,4.80
2010.05.11 14:12:22.329,0.6674,0.66765,1.00,1.00
2010.05.11 14:12:23.105,0.66735,0.66765,12.10,1.00
2010.05.11 14:12:23.449,0.6673,0.6676,1.00,3.20
2010.05.11 14:12:23.796,0.66725,0.6676,11.30,3.20
2010.05.11 14:12:24.586,0.66725,0.6676,10.50,3.20
2010.05.11 14:12:24.923,0.66725,0.66755,10.50,1.00
2010.05.11 14:12:26.065,0.6673,0.66755,1.00,1.00
2010.05.11 14:12:26.423,0.6673,0.66755,1.00,1.00
2010.05.11 14:12:27.416,0.6673,0.66755,2.40,1.00
2010.05.11 14:12:29.240,0.6674,0.6677,7.20,1.60
2010.05.11 14:12:30.205,0.6674,0.6677,7.20,1.00
2010.05.11 14:12:30.545,0.6674,0.6677,7.30,1.00
2010.05.11 14:12:31.948,0.6675,0.66775,1.00,4.80
2010.05.11 14:12:32.279,0.6675,0.66775,2.40,1.00
2010.05.11 14:12:32.745,0.6675,0.6678,7.20,1.00
2010.05.11 14:12:34.285,0.6676,0.6679,1.00,12.00
2010.05.11 14:12:35.088,0.6677,0.66795,2.40,1.00
2010.05.11 14:12:35.407,0.6677,0.668,2.40,1.00
2010.05.11 14:12:36.251,0.6677,0.668,2.50,1.00
2010.05.11 14:12:38.087,0.6677,0.668,2.40,1.00
2010.05.11 14:12:38.374,0.66765,0.66795,1.00,11.20
2010.05.11 14:12:38.881,0.66765,0.66795,11.20,1.60
2010.05.11 14:12:39.215,0.6677,0.668,2.40,1.00
2010.05.11 14:12:39.553,0.6677,0.668,2.50,1.00
2010.05.11 14:12:43.554,0.66775,0.668,1.00,1.00
2010.05.11 14:12:44.386,0.66775,0.66795,1.00,1.00
2010.05.11 14:12:44.689,0.66755,0.6678,10.50,1.00
2010.05.11 14:12:44.985,0.66755,0.6678,1.00,1.00
2010.05.11 14:12:46.763,0.66755,0.66785,1.00,1.60
2010.05.11 14:12:47.338,0.66755,0.66785,1.00,3.20
2010.05.11 14:12:47.549,0.66755,0.66775,1.00,1.00
2010.05.11 14:12:47.838,0.66745,0.6677,1.00,2.40
2010.05.11 14:12:48.575,0.66745,0.6675,1.00,1.00
2010.05.11 14:12:48.917,0.66725,0.6675,1.00,1.00
2010.05.11 14:12:49.710,0.6672,0.6675,12.00,1.00
2010.05.11 14:12:50.056,0.6672,0.6675,2.40,1.00
2010.05.11 14:12:51.217,0.6672,0.66755,3.20,10.40
2010.05.11 14:12:52.718,0.6672,0.6675,5.60,4.80
2010.05.11 14:12:53.053,0.66725,0.66755,1.00,9.60
2010.05.11 14:12:54.313,0.66725,0.66755,1.00,4.80
2010.05.11 14:12:55.135,0.66725,0.66755,1.00,5.60
2010.05.11 14:12:55.427,0.66735,0.66765,2.40,9.60
2010.05.11 14:12:55.764,0.66735,0.66765,3.20,1.00
2010.05.11 14:12:56.847,0.66735,0.6676,3.20,1.00
2010.05.11 14:12:57.072,0.6675,0.6678,4.80,1.00
2010.05.11 14:12:57.747,0.66755,0.66785,1.00,9.60
2010.05.11 14:12:58.088,0.6677,0.66805,5.60,12.40
2010.05.11 14:12:58.426,0.66775,0.66805,1.60,7.60
2010.05.11 14:12:58.893,0.66775,0.66805,1.60,6.00
2010.05.11 14:12:59.238,0.66775,0.66805,2.40,1.00
2010.05.11 14:12:59.915,0.66775,0.66805,2.50,1.00
2010.05.11 14:13:00.718,0.6678,0.66805,1.00,1.00
2010.05.11 14:13:01.323,0.66775,0.66805,2.50,1.00
2010.05.11 14:13:02.795,0.66775,0.668,2.50,1.00
2010.05.11 14:13:03.094,0.6677,0.668,4.90,1.00
2010.05.11 14:13:03.603,0.6677,0.668,3.30,1.00
2010.05.11 14:13:03.946,0.6677,0.668,2.50,1.00
2010.05.11 14:13:05.725,0.6677,0.66805,3.30,12.80
2010.05.11 14:13:06.024,0.6677,0.668,2.50,1.00
2010.05.11 14:13:07.116,0.6677,0.668,9.70,1.00
2010.05.11 14:13:09.345,0.6677,0.668,4.90,1.00
2010.05.11 14:13:09.523,0.6677,0.668,4.80,1.00
2010.05.11 14:13:09.564,0.6677,0.668,3.20,1.00
2010.05.11 14:13:09.623,0.6677,0.668,1.00,1.00
2010.05.11 14:13:09.644,0.6677,0.668,1.00,1.00
2010.05.11 14:13:09.725,0.6677,0.668,3.30,1.00
2010.05.11 14:13:10.896,0.6677,0.668,8.10,1.00
2010.05.11 14:13:12.524,0.6677,0.668,8.00,1.00
2010.05.11 14:13:12.747,0.6677,0.668,8.10,1.00
2010.05.11 14:13:14.102,0.6677,0.668,3.30,1.00
2010.05.11 14:13:14.908,0.6677,0.668,2.40,1.00
2010.05.11 14:13:15.115,0.6677,0.668,1.00,10.40
2010.05.11 14:13:15.324,0.6677,0.668,2.50,1.00
2010.05.11 14:13:20.933,0.6677,0.668,2.50,5.60
2010.05.11 14:13:21.275,0.6676,0.66795,10.50,8.00
2010.05.11 14:13:21.615,0.6676,0.66795,5.60,12.80
2010.05.11 14:13:21.954,0.6676,0.6679,1.00,1.00
2010.05.11 14:13:22.669,0.6676,0.66785,1.00,1.00
2010.05.11 14:13:22.980,0.66755,0.6678,1.00,1.00
2010.05.11 14:13:23.319,0.66755,0.6677,1.00,1.00
2010.05.11 14:13:24.098,0.66735,0.66765,2.10,4.80
2010.05.11 14:13:24.384,0.66735,0.6677,1.00,14.40
2010.05.11 14:13:26.253,0.6674,0.6677,1.00,13.60
2010.05.11 14:13:26.569,0.6674,0.66775,3.30,13.60
2010.05.11 14:13:26.885,0.6674,0.66775,8.10,2.40
2010.05.11 14:13:27.203,0.6674,0.66775,8.10,7.20
2010.05.11 14:13:27.523,0.6674,0.66775,8.00,7.20
2010.05.11 14:13:27.992,0.66745,0.66775,1.00,7.20
2010.05.11 14:13:28.349,0.6675,0.6678,1.00,9.60
2010.05.11 14:13:28.519,0.66755,0.66785,1.60,10.40
2010.05.11 14:13:28.679,0.66765,0.66785,1.00,4.80
2010.05.11 14:13:29.275,0.6677,0.6679,2.40,1.00
2010.05.11 14:13:29.434,0.6677,0.66795,2.40,1.00
2010.05.11 14:13:29.773,0.6677,0.668,2.40,1.00
2010.05.11 14:13:30.568,0.6677,0.66795,2.40,1.00
2010.05.11 14:13:30.884,0.66765,0.66795,4.80,1.00
2010.05.11 14:13:31.373,0.6676,0.66795,15.20,1.00
2010.05.11 14:13:33.055,0.6677,0.668,2.50,1.60
2010.05.11 14:13:33.394,0.6677,0.668,2.40,1.00
2010.05.11 14:13:35.233,0.6677,0.668,2.40,1.00
2010.05.11 14:13:35.818,0.6677,0.668,2.50,1.00
2010.05.11 14:13:36.535,0.6677,0.668,2.40,1.00
2010.05.11 14:13:37.418,0.6677,0.668,2.50,1.00
2010.05.11 14:13:37.953,0.6677,0.668,2.40,1.00
2010.05.11 14:13:38.249,0.6677,0.668,2.50,1.00
2010.05.11 14:13:40.935,0.6678,0.66805,1.00,1.60
2010.05.11 14:13:41.196,0.6678,0.6681,1.00,1.00
2010.05.11 14:13:42.253,0.6678,0.6681,1.00,1.00
2010.05.11 14:13:43.385,0.6679,0.66815,1.00,1.00
2010.05.11 14:13:43.729,0.66795,0.66825,1.60,7.20
2010.05.11 14:13:44.507,0.66795,0.6682,2.40,1.00
2010.05.11 14:13:44.801,0.66795,0.6682,1.00,6.40
2010.05.11 14:13:45.537,0.6679,0.6682,4.90,2.40
2010.05.11 14:13:45.879,0.6679,0.6682,9.70,1.60
2010.05.11 14:13:46.213,0.6679,0.6682,10.50,1.00
2010.05.11 14:13:47.334,0.66795,0.66825,4.80,1.00
2010.05.11 14:13:47.676,0.66795,0.6683,11.20,2.40
2010.05.11 14:13:48.368,0.668,0.66835,8.90,8.00
2010.05.11 14:13:48.659,0.66805,0.66835,4.80,2.40
2010.05.11 14:13:48.994,0.66805,0.66835,1.00,1.00
2010.05.11 14:13:49.632,0.6681,0.6684,1.00,9.60
2010.05.11 14:13:49.979,0.6681,0.6684,7.30,1.00
2010.05.11 14:13:50.316,0.6681,0.6684,12.10,1.00
2010.05.11 14:13:51.125,0.6681,0.6684,7.30,1.00
2010.05.11 14:13:51.403,0.6681,0.66845,8.10,5.60
2010.05.11 14:13:52.127,0.6681,0.66845,10.50,5.60
2010.05.11 14:13:53.285,0.66815,0.66845,1.00,7.20
2010.05.11 14:13:56.003,0.66815,0.66845,1.00,2.40
2010.05.11 14:13:56.908,0.6681,0.66845,10.50,5.60
2010.05.11 14:13:57.215,0.6681,0.66845,8.90,5.60
2010.05.11 14:13:57.435,0.6681,0.66845,13.70,2.40
2010.05.11 14:13:58.095,0.6681,0.66845,15.20,2.40
2010.05.11 14:13:58.314,0.66815,0.66845,1.00,2.40
2010.05.11 14:13:58.660,0.66815,0.6684,1.00,1.00
2010.05.11 14:13:59.162,0.66815,0.66835,1.00,1.60
2010.05.11 14:13:59.513,0.668,0.66835,8.90,1.60
2010.05.11 14:14:00.271,0.668,0.66835,8.10,1.60
2010.05.11 14:14:00.588,0.668,0.6683,2.40,1.00
2010.05.11 14:14:01.555,0.668,0.6683,2.40,1.00
2010.05.11 14:14:01.839,0.66805,0.66835,1.00,1.00
2010.05.11 14:14:03.082,0.66805,0.66835,1.00,1.00
2010.05.11 14:14:03.426,0.668,0.66825,4.80,1.00
2010.05.11 14:14:03.764,0.6679,0.66825,8.10,5.60
2010.05.11 14:14:04.815,0.6679,0.6682,7.30,1.00
2010.05.11 14:14:05.094,0.6679,0.6682,7.20,1.00
2010.05.11 14:14:05.847,0.66785,0.6681,1.00,1.00
2010.05.11 14:14:06.145,0.6678,0.6681,2.40,1.00
2010.05.11 14:14:06.908,0.6678,0.6681,2.40,1.00
2010.05.11 14:14:07.585,0.6678,0.6681,2.40,1.00
2010.05.11 14:14:08.410,0.6678,0.66815,15.30,1.00
2010.05.11 14:14:08.758,0.6678,0.66815,16.90,1.00
2010.05.11 14:14:09.872,0.66785,0.66815,1.00,1.00
2010.05.11 14:14:11.925,0.66785,0.6682,1.00,16.00
2010.05.11 14:14:12.501,0.6679,0.6682,2.40,14.40
2010.05.11 14:14:12.709,0.6679,0.66825,8.80,4.00
2010.05.11 14:14:12.913,0.6679,0.66825,8.80,2.40
2010.05.11 14:14:13.116,0.6679,0.66825,15.20,1.00
2010.05.11 14:14:14.067,0.668,0.66825,2.40,1.00
2010.05.11 14:14:14.404,0.66795,0.66825,1.00,2.40
2010.05.11 14:14:15.013,0.6679,0.66825,8.10,8.80
2010.05.11 14:14:15.345,0.66795,0.66825,1.00,1.00
2010.05.11 14:14:16.024,0.66795,0.66825,1.00,1.00
2010.05.11 14:14:16.816,0.6679,0.66815,12.00,1.00
2010.05.11 14:14:17.154,0.66785,0.66815,5.60,1.00
2010.05.11 14:14:17.394,0.66785,0.66815,4.80,1.00
2010.05.11 14:14:17.989,0.66785,0.66815,4.80,1.00
2010.05.11 14:14:18.238,0.6679,0.66815,4.10,1.00
2010.05.11 14:14:18.577,0.6679,0.66815,9.70,1.00
2010.05.11 14:14:19.401,0.668,0.6683,2.50,1.00
2010.05.11 14:14:19.645,0.668,0.6683,3.30,1.00
2010.05.11 14:14:20.972,0.668,0.6683,2.50,1.00
2010.05.11 14:14:21.969,0.668,0.66825,2.50,1.00
2010.05.11 14:14:22.083,0.668,0.66825,2.40,1.00
2010.05.11 14:14:22.194,0.66795,0.66825,1.00,1.00
2010.05.11 14:14:22.424,0.6679,0.66825,15.30,1.00
2010.05.11 14:14:23.030,0.6679,0.66825,13.70,1.00
2010.05.11 14:14:23.354,0.6679,0.6682,8.10,1.00
2010.05.11 14:14:23.976,0.6679,0.6682,4.80,1.60
2010.05.11 14:14:24.777,0.66785,0.66815,5.60,1.00
2010.05.11 14:14:25.116,0.6678,0.66815,8.10,1.00
2010.05.11 14:14:26.109,0.6678,0.66815,12.90,1.60
2010.05.11 14:14:26.438,0.66775,0.66805,2.50,1.00
2010.05.11 14:14:27.112,0.6677,0.66805,16.00,1.00
2010.05.11 14:14:27.336,0.6678,0.6681,1.00,1.00
2010.05.11 14:14:27.565,0.6678,0.66815,1.00,12.80
2010.05.11 14:14:27.794,0.6678,0.66815,3.30,10.40
2010.05.11 14:14:28.584,0.6678,0.6681,12.10,1.00
2010.05.11 14:14:28.928,0.6678,0.66805,2.50,1.00
2010.05.11 14:14:29.266,0.6678,0.6681,1.00,16.80
2010.05.11 14:14:30.071,0.66775,0.6681,13.70,2.40
2010.05.11 14:14:30.403,0.6678,0.6681,2.40,2.40
2010.05.11 14:14:30.685,0.6678,0.66805,2.40,1.00
2010.05.11 14:14:31.426,0.66775,0.66805,1.00,5.60
2010.05.11 14:14:38.781,0.6677,0.668,7.20,1.00
2010.05.11 14:14:39.127,0.6677,0.668,2.40,1.00
2010.05.11 14:14:40.005,0.6677,0.668,3.20,1.00
2010.05.11 14:14:40.317,0.66765,0.66795,1.00,1.00
2010.05.11 14:14:40.625,0.6676,0.66795,13.70,2.40
2010.05.11 14:14:41.104,0.6676,0.66795,12.90,2.40
2010.05.11 14:14:41.405,0.6676,0.66795,9.70,4.80
2010.05.11 14:14:41.626,0.6676,0.66785,7.20,2.40
2010.05.11 14:14:41.845,0.6675,0.6678,12.80,1.00
2010.05.11 14:14:42.450,0.6675,0.6678,5.60,1.00
2010.05.11 14:14:42.769,0.66745,0.66775,10.40,1.00
2010.05.11 14:14:43.080,0.66745,0.6677,4.80,1.00
2010.05.11 14:14:43.832,0.6674,0.6677,3.20,1.00
2010.05.11 14:14:45.000,0.6674,0.6677,3.30,1.00
2010.05.11 14:14:45.350,0.66745,0.66775,1.00,12.00
2010.05.11 14:14:46.145,0.66745,0.66775,1.00,1.00
2010.05.11 14:14:46.866,0.66745,0.66775,1.00,1.00
2010.05.11 14:14:47.627,0.66745,0.66775,1.00,1.00
2010.05.11 14:14:47.949,0.6675,0.66785,13.60,3.20
2010.05.11 14:14:48.206,0.6675,0.66785,13.60,1.00
2010.05.11 14:14:49.156,0.6675,0.66785,13.70,1.00
2010.05.11 14:14:49.831,0.66755,0.6679,1.00,10.40
2010.05.11 14:14:50.384,0.66755,0.6679,10.50,1.00
2010.05.11 14:14:50.861,0.66755,0.66785,4.90,1.00
2010.05.11 14:14:51.205,0.66755,0.6679,5.70,5.60
2010.05.11 14:14:52.540,0.6676,0.66795,5.70,10.40
2010.05.11 14:14:52.747,0.6676,0.66795,3.30,15.20
2010.05.11 14:14:53.725,0.66755,0.6679,10.50,1.00
2010.05.11 14:14:54.066,0.6675,0.66785,16.10,1.00
2010.05.11 14:14:54.890,0.6676,0.66785,2.40,1.00
2010.05.11 14:14:55.221,0.6676,0.6679,8.00,1.00
2010.05.11 14:14:55.954,0.6676,0.66795,8.00,9.60
2010.05.11 14:14:56.274,0.6676,0.6679,7.30,1.00
2010.05.11 14:14:56.606,0.6676,0.6679,4.80,2.40
2010.05.11 14:14:56.935,0.66755,0.6679,5.60,7.20
2010.05.11 14:14:58.347,0.6676,0.6679,1.00,6.40
2010.05.11 14:14:58.574,0.6676,0.66795,3.20,14.40
2010.05.11 14:14:59.115,0.6676,0.6679,2.40,2.40
2010.05.11 14:14:59.976,0.6676,0.66785,2.40,3.20
2010.05.11 14:15:00.285,0.6676,0.66785,2.40,4.00
2010.05.11 14:15:00.928,0.6675,0.66785,8.80,4.00
2010.05.11 14:15:01.550,0.6676,0.6679,2.40,4.80
2010.05.11 14:15:01.861,0.66765,0.6679,1.00,1.00
2010.05.11 14:15:02.628,0.6676,0.66795,3.20,14.40
2010.05.11 14:15:02.917,0.6676,0.66795,3.20,15.20
2010.05.11 14:15:03.205,0.66755,0.66785,12.10,1.00
2010.05.11 14:15:03.674,0.66755,0.66785,7.30,1.00
2010.05.11 14:15:04.021,0.6675,0.6678,2.40,12.80
2010.05.11 14:15:04.368,0.6675,0.6678,2.40,3.20
2010.05.11 14:15:04.706,0.6675,0.6678,2.40,4.80
2010.05.11 14:15:05.505,0.6675,0.6678,2.40,5.60
2010.05.11 14:15:05.846,0.6675,0.6678,4.00,4.00
2010.05.11 14:15:06.578,0.6676,0.6679,1.00,8.80
2010.05.11 14:15:06.856,0.6676,0.6679,3.20,1.60
2010.05.11 14:15:07.581,0.6676,0.66795,8.00,8.80
2010.05.11 14:15:07.907,0.6676,0.66795,8.00,8.00
2010.05.11 14:15:08.723,0.6676,0.66795,3.20,12.80
2010.05.11 14:15:09.447,0.6676,0.66795,3.30,12.80
2010.05.11 14:15:10.157,0.6676,0.66795,8.10,4.00
2010.05.11 14:15:10.841,0.6676,0.66795,1.00,12.00
2010.05.11 14:15:11.078,0.6676,0.66795,3.30,12.80
2010.05.11 14:15:12.983,0.6676,0.6679,2.50,1.00
2010.05.11 14:15:13.095,0.6676,0.6679,7.30,1.00
2010.05.11 14:15:13.204,0.6676,0.6679,12.10,1.00
2010.05.11 14:15:13.767,0.6677,0.668,2.40,5.60
2010.05.11 14:15:14.104,0.6677,0.668,4.80,1.60
2010.05.11 14:15:14.446,0.6677,0.668,14.50,1.00
2010.05.11 14:15:15.197,0.6678,0.66815,8.00,1.60
2010.05.11 14:15:15.503,0.6678,0.66815,12.80,1.60
2010.05.11 14:15:15.803,0.6678,0.66815,8.00,6.40
2010.05.11 14:15:16.290,0.6678,0.66815,8.10,6.40
2010.05.11 14:15:16.976,0.6678,0.6681,2.40,5.60
2010.05.11 14:15:18.393,0.66775,0.6681,8.10,5.60
2010.05.11 14:15:18.891,0.6678,0.6681,2.40,5.60
2010.05.11 14:15:19.238,0.66775,0.6681,8.10,5.60
2010.05.11 14:15:19.576,0.66775,0.6681,12.90,1.00
2010.05.11 14:15:19.795,0.66775,0.6681,11.20,1.00
2010.05.11 14:15:20.407,0.66775,0.66805,9.60,1.00
2010.05.11 14:15:20.624,0.66775,0.66805,9.60,1.00
2010.05.11 14:15:20.964,0.66775,0.668,1.00,1.00
2010.05.11 14:15:21.465,0.6677,0.668,16.80,1.00
2010.05.11 14:15:21.801,0.6677,0.668,4.80,4.80
2010.05.11 14:15:22.993,0.6677,0.668,3.20,4.80
2010.05.11 14:15:28.586,0.6677,0.668,3.30,1.60
2010.05.11 14:15:28.843,0.6677,0.668,3.30,1.00
2010.05.11 14:15:30.484,0.66765,0.668,12.90,1.00
2010.05.11 14:15:30.824,0.66765,0.668,8.10,5.60
2010.05.11 14:15:32.490,0.6677,0.66805,1.00,13.60
2010.05.11 14:15:32.707,0.66775,0.66805,1.00,1.00
2010.05.11 14:15:35.136,0.6677,0.668,10.50,1.00
2010.05.11 14:15:35.424,0.6677,0.668,5.70,1.00
2010.05.11 14:15:36.912,0.6677,0.668,10.50,1.00
2010.05.11 14:15:38.154,0.6677,0.668,5.70,1.00
2010.05.11 14:15:41.275,0.66775,0.66805,1.00,10.40
2010.05.11 14:15:42.143,0.66775,0.66805,2.40,5.60
2010.05.11 14:15:42.422,0.6678,0.66815,15.20,1.00
2010.05.11 14:15:42.686,0.6678,0.66815,15.30,1.00
2010.05.11 14:15:43.206,0.6679,0.6682,1.00,18.40
2010.05.11 14:15:44.228,0.6679,0.6682,3.30,2.40
2010.05.11 14:15:44.292,0.66805,0.6683,1.00,4.80
2010.05.11 14:15:44.415,0.66805,0.66835,1.00,1.00
2010.05.11 14:15:44.474,0.66805,0.66835,2.40,2.40
2010.05.11 14:15:45.032,0.66805,0.66835,2.40,1.00
2010.05.11 14:15:45.102,0.66805,0.66835,3.20,1.00
2010.05.11 14:15:45.357,0.66805,0.66835,2.40,1.60
2010.05.11 14:15:46.022,0.66805,0.66835,2.40,8.00
2010.05.11 14:15:46.369,0.668,0.6683,1.00,2.40
2010.05.11 14:15:47.066,0.66795,0.6683,13.70,2.40
2010.05.11 14:15:48.305,0.66795,0.66825,12.90,1.00
2010.05.11 14:15:48.648,0.66805,0.66835,2.40,12.00
2010.05.11 14:15:48.974,0.66805,0.6684,3.20,14.40
2010.05.11 14:15:49.298,0.66805,0.66825,1.00,1.00
2010.05.11 14:15:49.774,0.668,0.66825,12.80,1.00
2010.05.11 14:15:50.055,0.66795,0.6682,9.60,1.00
2010.05.11 14:15:50.344,0.66795,0.6682,4.80,1.00
2010.05.11 14:15:50.624,0.66785,0.6682,12.90,1.00
2010.05.11 14:15:52.571,0.6679,0.6682,1.00,2.40
2010.05.11 14:15:52.906,0.6679,0.6682,1.00,2.40
2010.05.11 14:15:54.243,0.6679,0.6682,1.00,2.40
2010.05.11 14:15:55.154,0.6679,0.66815,2.40,3.20
2010.05.11 14:15:55.430,0.668,0.6682,1.00,2.40
2010.05.11 14:15:55.761,0.66795,0.66825,1.00,1.00
2010.05.11 14:15:56.500,0.66795,0.6683,1.00,12.00
2010.05.11 14:15:57.655,0.66795,0.66825,1.00,1.00
2010.05.11 14:15:58.555,0.66795,0.66825,1.00,1.60
2010.05.11 14:15:58.897,0.6679,0.6682,2.40,1.00
2010.05.11 14:15:59.095,0.6679,0.6682,2.40,1.00
2010.05.11 14:15:59.666,0.6679,0.66825,3.20,12.00
2010.05.11 14:15:59.870,0.66785,0.6682,13.60,1.00
2010.05.11 14:16:00.068,0.66785,0.66815,11.20,1.00
2010.05.11 14:16:00.809,0.66785,0.66815,1.60,1.00
2010.05.11 14:16:01.147,0.66785,0.66815,1.00,1.00
2010.05.11 14:16:05.209,0.66785,0.66815,1.00,1.00
2010.05.11 14:16:05.952,0.6678,0.66815,10.50,1.60
2010.05.11 14:16:06.101,0.6678,0.6681,8.00,1.60
2010.05.11 14:16:06.246,0.6678,0.6681,2.50,1.60
2010.05.11 14:16:07.063,0.6678,0.6681,2.40,1.60
2010.05.11 14:16:07.744,0.6678,0.66815,10.50,1.60
2010.05.11 14:16:08.594,0.6678,0.66815,5.70,11.20
2010.05.11 14:16:10.196,0.66785,0.66815,1.00,10.40
2010.05.11 14:16:10.533,0.6678,0.66815,5.70,11.20
2010.05.11 14:16:12.061,0.66785,0.66815,3.20,9.60
2010.05.11 14:16:12.194,0.66785,0.66815,4.90,1.00
2010.05.11 14:16:15.173,0.66785,0.66815,3.30,1.00
2010.05.11 14:16:16.347,0.6679,0.66815,2.40,1.00
2010.05.11 14:16:16.689,0.6679,0.66825,5.70,12.00
2010.05.11 14:16:21.930,0.66795,0.66825,1.00,11.20
2010.05.11 14:16:22.147,0.66795,0.66825,1.00,9.60
2010.05.11 14:16:22.367,0.66795,0.6683,2.40,12.00
2010.05.11 14:16:23.023,0.66795,0.6683,2.50,10.40
2010.05.11 14:16:28.930,0.66795,0.6683,2.50,12.00
2010.05.11 14:16:29.165,0.6679,0.66825,4.80,11.20
2010.05.11 14:16:29.405,0.6679,0.66815,2.40,3.20
2010.05.11 14:16:29.964,0.6679,0.6681,2.40,1.00
2010.05.11 14:16:30.313,0.66785,0.66805,1.20,13.60
2010.05.11 14:16:31.097,0.6677,0.66805,2.10,15.20
2010.05.11 14:16:31.777,0.6677,0.66805,1.00,12.80
2010.05.11 14:16:32.117,0.66775,0.66805,1.00,9.60
2010.05.11 14:16:32.887,0.66775,0.6681,1.00,16.80
2010.05.11 14:16:33.218,0.6677,0.66805,7.20,1.00
2010.05.11 14:16:33.554,0.6677,0.66805,1.00,12.00
2010.05.11 14:16:34.356,0.66765,0.668,8.10,7.20
2010.05.11 14:16:34.564,0.66765,0.668,12.90,2.40
2010.05.11 14:16:35.249,0.6677,0.668,1.00,1.60
2010.05.11 14:16:35.455,0.6677,0.668,2.50,1.00
2010.05.11 14:16:35.795,0.6677,0.66805,14.50,1.60
2010.05.11 14:16:36.575,0.6677,0.66805,10.50,1.00
2010.05.11 14:16:36.804,0.66775,0.66805,1.00,1.00
2010.05.11 14:16:37.245,0.66775,0.6681,1.00,12.00
2010.05.11 14:16:38.005,0.66775,0.6681,8.10,7.20
2010.05.11 14:16:38.316,0.6678,0.6681,1.00,2.40
2010.05.11 14:16:39.022,0.6678,0.6681,1.00,7.20
2010.05.11 14:16:39.455,0.66775,0.6681,8.10,7.20
2010.05.11 14:16:39.797,0.6678,0.6681,1.00,4.80
2010.05.11 14:16:40.136,0.66785,0.66815,1.00,5.60
2010.05.11 14:16:40.967,0.66785,0.66815,3.30,1.00
2010.05.11 14:16:44.255,0.6679,0.6682,1.00,14.40
2010.05.11 14:16:44.573,0.6679,0.6682,1.00,10.40
2010.05.11 14:16:44.886,0.6679,0.66825,1.70,12.00
2010.05.11 14:16:45.487,0.6679,0.66825,12.10,5.60
2010.05.11 14:16:45.834,0.6679,0.66825,16.00,1.00
2010.05.11 14:16:46.035,0.6679,0.6682,11.30,1.00
2010.05.11 14:16:46.675,0.6679,0.6682,1.00,1.60
2010.05.11 14:16:46.878,0.66785,0.6682,1.70,12.80
2010.05.11 14:16:47.216,0.6679,0.6682,1.00,10.40
2010.05.11 14:16:47.716,0.6679,0.6682,1.00,5.60
2010.05.11 14:16:48.059,0.6679,0.66825,15.20,1.00
2010.05.11 14:16:48.395,0.66795,0.6683,1.60,16.00
2010.05.11 14:16:49.165,0.6679,0.66825,6.50,10.40
2010.05.11 14:16:49.477,0.66795,0.66825,3.20,9.60
2010.05.11 14:16:49.786,0.66795,0.6683,4.00,10.40
2010.05.11 14:16:50.395,0.66795,0.66825,8.00,1.00
2010.05.11 14:16:51.132,0.66795,0.66825,3.30,1.00
2010.05.11 14:16:51.491,0.66795,0.6683,13.70,1.00
2010.05.11 14:16:51.607,0.66795,0.6683,1.00,12.00
2010.05.11 14:16:51.728,0.66795,0.66825,1.00,9.60
2010.05.11 14:16:51.844,0.66795,0.6683,1.00,14.40
2010.05.11 14:16:52.535,0.668,0.6683,1.00,12.00
2010.05.11 14:16:52.995,0.668,0.66835,1.00,14.40
2010.05.11 14:16:53.334,0.66795,0.6683,12.90,1.00
2010.05.11 14:16:54.018,0.66795,0.6683,1.00,14.40
2010.05.11 14:16:54.927,0.66795,0.6683,1.00,14.40
2010.05.11 14:16:56.637,0.66795,0.6683,1.00,14.40
2010.05.11 14:16:59.573,0.66795,0.6683,1.00,14.40
2010.05.11 14:16:59.774,0.66795,0.6683,1.00,16.00
2010.05.11 14:17:00.259,0.66795,0.6683,1.00,17.60
2010.05.11 14:17:00.527,0.6679,0.66825,3.30,15.20
2010.05.11 14:17:00.805,0.6679,0.66825,3.30,16.00
2010.05.11 14:17:01.579,0.66785,0.66815,1.00,4.00
2010.05.11 14:17:02.297,0.66785,0.66815,1.00,4.80
2010.05.11 14:17:03.064,0.66785,0.66815,1.60,6.10
2010.05.11 14:17:03.354,0.6678,0.66815,1.00,15.70
2010.05.11 14:17:03.694,0.66775,0.6681,12.00,1.00
2010.05.11 14:17:04.190,0.6678,0.6681,1.00,1.00
2010.05.11 14:17:04.543,0.66785,0.66815,2.40,4.00
2010.05.11 14:17:04.825,0.66785,0.66815,2.40,8.80
2010.05.11 14:17:05.543,0.66785,0.66815,1.00,8.80
2010.05.11 14:17:05.684,0.66785,0.66815,1.00,4.00
2010.05.11 14:17:06.023,0.66785,0.66815,1.00,8.80
2010.05.11 14:17:06.363,0.66785,0.66815,1.00,4.00
2010.05.11 14:17:06.703,0.66785,0.66815,1.00,8.80
2010.05.11 14:17:07.403,0.6678,0.6681,8.90,1.00
2010.05.11 14:17:07.664,0.66775,0.6681,8.10,5.60
2010.05.11 14:17:09.978,0.66775,0.6681,12.90,1.00
2010.05.11 14:17:10.227,0.66775,0.6681,3.30,14.40
2010.05.11 14:17:13.343,0.6677,0.66805,4.10,1.00
2010.05.11 14:17:13.604,0.6677,0.66805,1.70,12.00
2010.05.11 14:17:14.393,0.6677,0.66795,1.00,9.60
2010.05.11 14:17:15.189,0.6676,0.6679,1.60,9.60
2010.05.11 14:17:15.509,0.66765,0.668,1.00,16.00
2010.05.11 14:17:15.825,0.66765,0.668,1.00,15.20
2010.05.11 14:17:16.647,0.6676,0.66795,5.70,12.00
2010.05.11 14:17:16.985,0.66765,0.66795,1.00,11.20
2010.05.11 14:17:17.469,0.66765,0.66795,1.00,9.60
2010.05.11 14:17:17.797,0.6676,0.66795,14.40,1.00
2010.05.11 14:17:18.126,0.66765,0.668,12.00,3.20
2010.05.11 14:17:18.890,0.6677,0.668,3.20,1.00
2010.05.11 14:17:19.224,0.6677,0.66805,8.00,2.80
2010.05.11 14:17:19.566,0.6677,0.66805,8.00,2.40
2010.05.11 14:17:20.398,0.66785,0.66815,1.00,1.60
2010.05.11 14:17:20.734,0.66785,0.6682,1.00,16.80
2010.05.11 14:17:22.977,0.66775,0.6681,1.00,10.40
2010.05.11 14:17:24.397,0.6677,0.66805,15.30,1.60
2010.05.11 14:17:24.586,0.6677,0.66805,5.70,1.60
2010.05.11 14:17:24.774,0.6677,0.66805,5.70,3.20
2010.05.11 14:17:25.727,0.6677,0.66805,5.70,4.80
2010.05.11 14:17:26.064,0.66775,0.66805,5.60,1.60
2010.05.11 14:17:26.405,0.6678,0.6681,5.60,1.00
2010.05.11 14:17:27.771,0.6678,0.6681,12.00,1.00
2010.05.11 14:17:28.008,0.6678,0.66815,1.00,14.40
2010.05.11 14:17:28.247,0.6678,0.6681,2.40,1.00
2010.05.11 14:17:28.890,0.66775,0.6681,13.60,1.00
2010.05.11 14:17:30.005,0.66775,0.6681,5.60,8.00
2010.05.11 14:17:31.060,0.6678,0.6681,3.20,3.20
2010.05.11 14:17:31.176,0.6678,0.66815,3.20,14.40
2010.05.11 14:17:32.325,0.6678,0.66815,8.00,9.60
2010.05.11 14:17:33.087,0.66775,0.6681,7.20,5.60
2010.05.11 14:17:33.444,0.66775,0.6681,7.30,5.60
2010.05.11 14:17:34.146,0.6678,0.6681,1.00,4.80
2010.05.11 14:17:34.425,0.66785,0.6681,1.00,4.80
2010.05.11 14:17:34.934,0.66785,0.66815,1.00,11.20
2010.05.11 14:17:35.221,0.6679,0.66825,12.90,1.00
2010.05.11 14:17:35.444,0.6679,0.66825,14.50,1.00
2010.05.11 14:17:35.664,0.6679,0.66825,9.70,5.60
2010.05.11 14:17:36.648,0.6679,0.66825,8.10,5.60
2010.05.11 14:17:37.074,0.6679,0.66825,4.10,10.40
2010.05.11 14:17:37.909,0.6679,0.66825,16.10,1.00
2010.05.11 14:17:38.245,0.6679,0.6682,12.80,1.00
2010.05.11 14:17:38.584,0.6679,0.6682,3.20,1.00
2010.05.11 14:17:38.924,0.6679,0.6682,1.60,1.00
2010.05.11 14:17:39.264,0.6679,0.6682,1.00,1.00
2010.05.11 14:17:39.941,0.6679,0.6682,1.00,9.60
2010.05.11 14:17:41.649,0.66795,0.66825,1.00,4.80
2010.05.11 14:17:42.808,0.66785,0.6682,1.60,16.80
2010.05.11 14:17:43.090,0.66785,0.66815,5.70,1.00
2010.05.11 14:17:43.562,0.66785,0.66815,9.70,1.00
2010.05.11 14:17:43.907,0.6678,0.6681,1.00,1.00
2010.05.11 14:17:44.244,0.66775,0.6681,12.90,1.00
2010.05.11 14:17:45.257,0.66785,0.66815,1.60,1.00
2010.05.11 14:17:45.596,0.6679,0.6682,1.00,4.00
2010.05.11 14:17:46.447,0.6679,0.6682,1.00,1.00
2010.05.11 14:17:46.785,0.6679,0.6682,1.00,1.00
2010.05.11 14:17:49.064,0.6679,0.6682,1.00,1.00
2010.05.11 14:17:50.078,0.6679,0.66825,1.60,10.40
2010.05.11 14:17:50.244,0.6679,0.6682,3.20,1.00
2010.05.11 14:17:51.056,0.6679,0.6682,1.00,1.00
2010.05.11 14:17:52.888,0.66785,0.66815,12.00,1.00
2010.05.11 14:17:53.019,0.6678,0.66815,8.90,1.00
2010.05.11 14:17:54.212,0.6678,0.66815,6.50,1.00
2010.05.11 14:17:54.560,0.66775,0.6681,13.60,1.00
2010.05.11 14:17:55.636,0.6678,0.66815,8.10,1.60
2010.05.11 14:17:55.974,0.6678,0.66815,8.90,1.00
2010.05.11 14:17:56.513,0.6678,0.66815,8.80,1.00
2010.05.11 14:17:56.859,0.66775,0.6681,13.60,1.00
2010.05.11 14:17:57.196,0.66775,0.66805,11.20,1.00
2010.05.11 14:17:58.339,0.66775,0.66805,10.40,1.00
2010.05.11 14:17:58.532,0.66765,0.66795,3.30,1.00
2010.05.11 14:17:58.717,0.6677,0.668,1.00,5.60
2010.05.11 14:17:59.084,0.6677,0.668,1.00,1.00
2010.05.11 14:18:00.326,0.6677,0.66795,1.00,1.00
2010.05.11 14:18:00.666,0.66765,0.66795,3.30,1.00
2010.05.11 14:18:01.628,0.66765,0.66795,3.20,1.00
2010.05.11 14:18:02.080,0.66765,0.66795,3.30,1.00
2010.05.11 14:18:05.706,0.6677,0.66795,1.00,1.00
2010.05.11 14:18:06.565,0.6677,0.668,1.70,2.40
2010.05.11 14:18:06.780,0.6678,0.6681,1.00,13.60
2010.05.11 14:18:06.988,0.6678,0.66815,8.00,4.80
2010.05.11 14:18:07.641,0.6678,0.6681,4.80,1.00
2010.05.11 14:18:07.988,0.66775,0.6681,11.20,2.40
2010.05.11 14:18:09.087,0.66775,0.66805,10.40,1.00
2010.05.11 14:18:09.427,0.66775,0.66805,1.00,1.00
2010.05.11 14:18:10.775,0.6677,0.668,10.40,1.00
2010.05.11 14:18:11.079,0.66765,0.66795,3.20,1.00
2010.05.11 14:18:12.088,0.66765,0.66795,3.30,1.00
2010.05.11 14:18:16.353,0.66765,0.66795,8.10,1.00
2010.05.11 14:18:17.134,0.66765,0.66795,3.30,1.00
2010.05.11 14:18:24.995,0.6677,0.668,1.00,10.40
2010.05.11 14:18:25.987,0.6677,0.66805,3.20,10.40
2010.05.11 14:18:26.325,0.66775,0.66805,1.00,11.20
2010.05.11 14:18:27.369,0.6677,0.66805,3.30,11.20
2010.05.11 14:18:27.970,0.66775,0.66805,1.00,10.40
2010.05.11 14:18:28.812,0.66775,0.668,1.00,7.20
2010.05.11 14:18:29.157,0.66775,0.66795,4.80,1.00
2010.05.11 14:18:29.822,0.6678,0.66805,1.00,4.80
2010.05.11 14:18:30.170,0.66775,0.66805,3.30,1.00
2010.05.11 14:18:31.324,0.6678,0.6681,1.00,14.40
2010.05.11 14:18:31.668,0.66785,0.66815,1.60,10.40
2010.05.11 14:18:32.428,0.66785,0.6682,11.20,4.80
2010.05.11 14:18:33.064,0.66785,0.6682,11.30,4.80
2010.05.11 14:18:33.846,0.66785,0.6682,10.50,4.80
2010.05.11 14:18:34.666,0.6678,0.66805,12.00,1.00
2010.05.11 14:18:34.944,0.66775,0.66805,2.50,1.00
2010.05.11 14:18:35.695,0.66775,0.66805,1.70,1.00
2010.05.11 14:18:36.035,0.66785,0.6681,1.00,13.60
2010.05.11 14:18:36.764,0.66785,0.66815,10.40,1.00
2010.05.11 14:18:37.007,0.66785,0.6682,10.40,2.40
2010.05.11 14:18:37.260,0.66785,0.66815,9.70,1.00
2010.05.11 14:18:37.721,0.66785,0.66815,4.80,1.00
2010.05.11 14:18:37.968,0.6678,0.66805,1.00,1.00
2010.05.11 14:18:38.307,0.66775,0.66805,2.50,1.00
2010.05.11 14:18:39.455,0.6678,0.66805,1.60,1.00
2010.05.11 14:18:39.794,0.6678,0.6681,1.60,10.40
2010.05.11 14:18:40.299,0.6678,0.6681,2.40,10.40
2010.05.11 14:18:40.648,0.6678,0.6681,2.40,1.00
2010.05.11 14:18:42.255,0.66775,0.6681,12.90,1.00
2010.05.11 14:18:43.726,0.66775,0.6681,11.20,1.00
2010.05.11 14:18:44.064,0.66775,0.6681,11.20,5.60
2010.05.11 14:18:44.814,0.66775,0.6681,11.20,1.00
2010.05.11 14:18:45.413,0.66775,0.6681,12.90,1.00
2010.05.11 14:18:45.878,0.66775,0.6681,12.90,3.20
2010.05.11 14:18:46.216,0.6678,0.66815,12.80,1.00
2010.05.11 14:18:46.895,0.6678,0.6681,7.20,1.00
2010.05.11 14:18:47.608,0.66775,0.6681,13.70,1.00
2010.05.11 14:18:48.125,0.6678,0.6681,1.00,1.00
2010.05.11 14:18:48.374,0.6678,0.66805,1.00,1.00
2010.05.11 14:18:48.626,0.66775,0.66805,6.50,1.00
2010.05.11 14:18:48.875,0.66775,0.66805,1.00,1.00
2010.05.11 14:18:49.573,0.66775,0.66805,1.00,1.00
2010.05.11 14:18:49.854,0.66775,0.66805,1.00,1.00
2010.05.11 14:18:50.135,0.66775,0.66805,1.00,1.00
2010.05.11 14:18:51.316,0.66775,0.66805,1.00,1.00
2010.05.11 14:18:52.575,0.66775,0.66805,1.00,5.60
2010.05.11 14:18:53.423,0.6677,0.668,2.40,3.20
2010.05.11 14:18:54.039,0.66775,0.668,1.00,7.20
2010.05.11 14:18:54.326,0.66775,0.66805,1.00,5.60
2010.05.11 14:18:55.885,0.66775,0.66805,1.00,5.60
2010.05.11 14:18:57.237,0.66775,0.66805,1.00,5.60
2010.05.11 14:18:57.413,0.66775,0.66805,1.00,5.60
2010.05.11 14:18:57.915,0.66775,0.66805,1.00,5.60
2010.05.11 14:18:58.099,0.66775,0.66805,1.00,5.60
2010.05.11 14:18:58.343,0.66775,0.66805,1.00,7.20
2010.05.11 14:18:58.948,0.6677,0.668,4.10,1.00
2010.05.11 14:18:59.200,0.66765,0.668,1.90,15.20
2010.05.11 14:18:59.548,0.66765,0.66795,1.00,1.00
2010.05.11 14:19:00.391,0.66765,0.668,10.50,2.40
2010.05.11 14:19:01.055,0.66765,0.66795,9.70,1.00
2010.05.11 14:19:01.395,0.6676,0.66795,15.30,2.40
2010.05.11 14:19:02.153,0.6676,0.66795,12.90,2.40
2010.05.11 14:19:02.459,0.66765,0.668,12.00,1.60
2010.05.11 14:19:02.675,0.66765,0.668,12.00,1.00
2010.05.11 14:19:03.754,0.66765,0.668,12.10,1.60
2010.05.11 14:19:04.043,0.66765,0.668,12.10,4.80
2010.05.11 14:19:05.334,0.66765,0.6679,9.70,1.00
2010.05.11 14:19:05.682,0.66765,0.668,2.50,9.60
2010.05.11 14:19:08.497,0.66765,0.668,1.00,12.00
2010.05.11 14:19:08.834,0.66765,0.668,1.00,9.60
2010.05.11 14:19:09.034,0.66765,0.668,2.50,9.60
2010.05.11 14:19:10.996,0.66765,0.668,2.50,14.40
2010.05.11 14:19:11.961,0.66765,0.668,7.30,9.60
2010.05.11 14:19:12.234,0.66765,0.668,12.10,4.80
2010.05.11 14:19:12.546,0.66765,0.6679,11.30,1.00
2010.05.11 14:19:12.835,0.6676,0.6679,2.50,1.00
2010.05.11 14:19:15.344,0.66765,0.668,1.00,18.40
2010.05.11 14:19:15.685,0.66765,0.668,12.00,1.60
2010.05.11 14:19:15.903,0.66765,0.668,12.80,1.00
2010.05.11 14:19:16.138,0.66765,0.668,12.80,2.40
2010.05.11 14:19:16.355,0.66765,0.6679,12.00,1.00
2010.05.11 14:19:16.575,0.66765,0.66795,1.00,4.80
2010.05.11 14:19:17.259,0.66765,0.66795,4.90,1.00
2010.05.11 14:19:18.166,0.66765,0.668,10.50,4.00
2010.05.11 14:19:18.675,0.6677,0.668,1.00,1.00
2010.05.11 14:19:19.627,0.66765,0.668,11.20,1.00
2010.05.11 14:19:19.946,0.66765,0.668,11.30,1.00
2010.05.11 14:19:20.268,0.66765,0.668,10.50,1.00
2010.05.11 14:19:22.099,0.6677,0.668,1.00,1.00
2010.05.11 14:19:23.089,0.66775,0.66805,1.00,1.00
2010.05.11 14:19:26.318,0.66775,0.66805,2.40,1.00
2010.05.11 14:19:26.477,0.66775,0.66805,1.60,11.20
2010.05.11 14:19:27.676,0.66775,0.66805,2.40,5.60
2010.05.11 14:19:27.975,0.66775,0.66805,2.40,1.00
2010.05.11 14:19:28.278,0.6678,0.6681,1.70,8.80
2010.05.11 14:19:28.753,0.6678,0.6681,1.70,4.00
2010.05.11 14:19:29.061,0.66795,0.66825,1.00,5.60
2010.05.11 14:19:29.407,0.66795,0.6683,3.30,6.40
2010.05.11 14:19:29.747,0.66795,0.6683,3.30,1.60
2010.05.11 14:19:30.536,0.668,0.6683,1.00,5.60
2010.05.11 14:19:31.213,0.66795,0.6683,3.20,5.60
2010.05.11 14:19:31.393,0.66795,0.6683,8.00,5.60
2010.05.11 14:19:31.573,0.66795,0.6683,12.80,1.00
2010.05.11 14:19:32.162,0.668,0.6683,9.60,1.00
2010.05.11 14:19:32.386,0.668,0.6683,4.80,3.20
2010.05.11 14:19:32.607,0.66795,0.6683,12.00,3.20
2010.05.11 14:19:33.609,0.66795,0.6683,7.30,8.00
2010.05.11 14:19:33.945,0.66795,0.6683,12.90,3.20
2010.05.11 14:19:34.729,0.66795,0.6683,8.10,8.00
2010.05.11 14:19:35.595,0.668,0.6683,1.00,8.00
2010.05.11 14:19:35.797,0.668,0.6683,1.00,3.20
2010.05.11 14:19:36.435,0.668,0.6683,1.00,8.00
2010.05.11 14:19:37.385,0.66795,0.6683,8.10,5.60
2010.05.11 14:19:37.676,0.66795,0.6682,2.40,1.00
2010.05.11 14:19:38.166,0.66795,0.6682,7.20,1.00
2010.05.11 14:19:38.297,0.6679,0.6682,4.00,1.00
2010.05.11 14:19:38.436,0.6679,0.6682,1.00,1.00
2010.05.11 14:19:38.775,0.6679,0.6682,3.30,1.00
2010.05.11 14:19:40.429,0.6679,0.6682,3.20,1.00
2010.05.11 14:19:40.723,0.6679,0.6682,8.10,1.00
2010.05.11 14:19:41.040,0.6679,0.66825,13.70,3.20
2010.05.11 14:19:41.744,0.6679,0.66825,13.70,2.40
2010.05.11 14:19:43.934,0.66795,0.66825,1.00,2.40
2010.05.11 14:19:44.223,0.66795,0.66825,1.00,1.00
2010.05.11 14:19:45.714,0.66795,0.6682,1.00,1.00
2010.05.11 14:19:46.287,0.6679,0.6682,12.90,1.00
2010.05.11 14:19:47.174,0.6679,0.6682,8.10,1.00
2010.05.11 14:19:48.034,0.6679,0.6682,3.30,1.00
2010.05.11 14:19:48.306,0.6679,0.6682,3.20,1.00
2010.05.11 14:19:49.100,0.6679,0.6682,1.00,1.00
2010.05.11 14:19:49.434,0.6679,0.6682,3.30,1.00
2010.05.11 14:19:49.584,0.6679,0.6682,3.20,1.00
2010.05.11 14:19:49.734,0.6679,0.6682,3.30,1.00
2010.05.11 14:19:50.249,0.6679,0.6682,3.20,1.00
2010.05.11 14:19:50.812,0.6679,0.6682,3.20,1.00
2010.05.11 14:19:51.066,0.6679,0.6682,3.20,1.00
2010.05.11 14:19:51.327,0.6679,0.66815,2.40,1.00
2010.05.11 14:19:51.587,0.66785,0.6682,12.90,1.00
2010.05.11 14:19:52.197,0.6679,0.66815,1.00,1.00
2010.05.11 14:19:52.490,0.66785,0.66805,4.80,1.60
2010.05.11 14:19:53.226,0.6678,0.66805,1.00,1.00
2010.05.11 14:19:53.571,0.66775,0.66805,1.00,1.00
2010.05.11 14:19:54.373,0.66775,0.66805,1.00,1.00
2010.05.11 14:19:55.062,0.6678,0.6681,1.00,12.00
2010.05.11 14:19:55.408,0.6678,0.6681,1.00,1.00
2010.05.11 14:19:56.240,0.6678,0.6681,1.00,1.00
2010.05.11 14:19:57.273,0.6678,0.6681,1.00,1.00
2010.05.11 14:19:58.886,0.6678,0.6681,1.00,1.00
2010.05.11 14:19:59.866,0.6678,0.6681,1.00,1.00
2010.05.11 14:20:00.865,0.6678,0.6681,1.00,1.00
2010.05.11 14:20:01.805,0.66775,0.66795,1.00,5.60
2010.05.11 14:20:02.126,0.6676,0.66795,4.90,10.40
2010.05.11 14:20:02.947,0.6676,0.66795,9.70,5.60
2010.05.11 14:20:03.284,0.6676,0.66795,4.90,10.40
2010.05.11 14:20:04.428,0.6676,0.66795,5.70,10.40
2010.05.11 14:20:05.259,0.66765,0.66795,1.00,10.40
2010.05.11 14:20:05.797,0.66765,0.66795,1.70,9.60
2010.05.11 14:20:06.015,0.6678,0.66805,3.20,5.60
2010.05.11 14:20:06.674,0.6678,0.66805,7.20,4.80
2010.05.11 14:20:07.019,0.6678,0.66815,8.00,2.40
2010.05.11 14:20:07.356,0.6678,0.6681,7.20,1.00
2010.05.11 14:20:08.115,0.6678,0.6681,2.50,1.00
2010.05.11 14:20:10.610,0.6678,0.66815,3.20,12.00
2010.05.11 14:20:10.864,0.6678,0.66815,8.00,2.40
2010.05.11 14:20:11.114,0.6678,0.66815,8.10,2.40
2010.05.11 14:20:11.672,0.6678,0.66815,9.70,2.40
2010.05.11 14:20:11.954,0.66785,0.66815,9.60,1.00
2010.05.11 14:20:12.227,0.66785,0.6682,1.00,14.40
2010.05.11 14:20:12.497,0.66785,0.6682,5.70,9.60
2010.05.11 14:20:18.619,0.66785,0.6682,1.00,14.40
2010.05.11 14:20:18.814,0.66785,0.66815,1.00,1.00
2010.05.11 14:20:19.855,0.66785,0.66815,4.80,1.00
2010.05.11 14:20:20.195,0.66785,0.6682,5.60,6.40
2010.05.11 14:20:27.743,0.66785,0.6682,5.60,9.60
2010.05.11 14:20:27.953,0.66785,0.6682,5.60,10.40
2010.05.11 14:20:28.499,0.66785,0.6682,1.00,15.20
2010.05.11 14:20:32.595,0.6678,0.66815,15.20,1.00
2010.05.11 14:20:32.917,0.6678,0.66815,8.90,7.20
2010.05.11 14:20:33.917,0.6678,0.66815,8.10,2.40
2010.05.11 14:20:34.594,0.6678,0.66815,8.10,7.20
2010.05.11 14:20:35.658,0.66785,0.66815,1.00,6.40
2010.05.11 14:20:35.956,0.66785,0.6682,5.70,9.60
2010.05.11 14:20:36.113,0.66785,0.6682,10.50,4.80
2010.05.11 14:20:37.964,0.66785,0.6682,10.50,9.60
2010.05.11 14:20:38.815,0.66785,0.6682,10.50,4.80
2010.05.11 14:20:40.176,0.6679,0.6682,2.40,5.60
2010.05.11 14:20:41.403,0.6679,0.6682,2.40,4.80
2010.05.11 14:20:42.603,0.6679,0.6682,2.40,9.60
2010.05.11 14:20:43.038,0.6679,0.6682,2.50,9.60
2010.05.11 14:20:44.157,0.6679,0.6682,2.40,8.80
2010.05.11 14:20:45.498,0.668,0.66825,4.00,10.40
2010.05.11 14:20:45.757,0.6681,0.66825,3.20,1.00
2010.05.11 14:20:46.588,0.6681,0.6684,3.30,1.00
2010.05.11 14:20:46.925,0.66815,0.6684,1.00,1.00
2010.05.11 14:20:47.791,0.6681,0.6684,9.60,1.00
2010.05.11 14:20:48.095,0.6681,0.6684,4.80,1.00
2010.05.11 14:20:48.396,0.6681,0.6684,4.90,1.00
2010.05.11 14:20:49.122,0.66815,0.6684,1.00,1.00
2010.05.11 14:20:49.483,0.6681,0.6684,9.70,1.00
2010.05.11 14:20:50.952,0.6681,0.6684,8.90,1.00
2010.05.11 14:20:51.302,0.6681,0.6684,4.10,1.00
2010.05.11 14:20:51.405,0.6681,0.6684,8.90,1.00
2010.05.11 14:20:52.727,0.66825,0.66845,1.00,6.40
2010.05.11 14:20:53.064,0.6682,0.66845,1.00,4.80
2010.05.11 14:20:53.406,0.6682,0.66845,2.40,1.00
2010.05.11 14:20:54.002,0.66815,0.66845,1.00,6.40
2010.05.11 14:20:54.350,0.66815,0.6684,1.00,4.80
2010.05.11 14:20:54.698,0.6681,0.66845,3.30,12.80
2010.05.11 14:20:54.937,0.6681,0.66845,1.00,13.60
2010.05.11 14:20:55.618,0.6681,0.6684,1.00,9.60
2010.05.11 14:20:55.919,0.66805,0.6684,1.00,10.40
2010.05.11 14:20:56.217,0.66805,0.66835,1.00,4.80
2010.05.11 14:20:56.515,0.66805,0.66835,1.00,4.80
2010.05.11 14:20:57.217,0.66805,0.6684,1.00,14.40
2010.05.11 14:20:57.454,0.66805,0.6684,1.00,14.40
2010.05.11 14:20:57.994,0.66805,0.6683,1.00,1.00
2010.05.11 14:20:58.904,0.668,0.6683,1.00,2.40
2010.05.11 14:20:59.229,0.6679,0.66815,1.20,5.60
2010.05.11 14:20:59.890,0.6679,0.66815,4.40,4.80
2010.05.11 14:21:00.104,0.6679,0.6682,3.20,5.60
2010.05.11 14:21:00.476,0.6679,0.6682,3.20,5.60
2010.05.11 14:21:01.101,0.6679,0.6682,3.30,1.00
2010.05.11 14:21:01.596,0.6679,0.66825,4.10,14.40
2010.05.11 14:21:01.835,0.668,0.66825,1.00,8.80
2010.05.11 14:21:02.340,0.668,0.66825,1.00,2.40
2010.05.11 14:21:02.587,0.668,0.66835,8.10,10.40
2010.05.11 14:21:03.264,0.668,0.66835,8.10,8.80
2010.05.11 14:21:03.994,0.668,0.66835,8.10,8.00
2010.05.11 14:21:04.319,0.668,0.66825,4.80,1.00
2010.05.11 14:21:04.650,0.6679,0.6682,12.90,1.00
2010.05.11 14:21:05.426,0.6679,0.66825,3.30,14.40
2010.05.11 14:21:05.770,0.6679,0.66825,3.20,15.20
2010.05.11 14:21:06.119,0.6679,0.66825,3.30,15.20
2010.05.11 14:21:06.265,0.6679,0.66825,3.20,15.20
2010.05.11 14:21:06.986,0.6679,0.66825,3.30,15.20
2010.05.11 14:21:07.140,0.6679,0.66825,3.20,13.60
2010.05.11 14:21:07.487,0.6679,0.66825,3.20,12.80
2010.05.11 14:21:09.274,0.6679,0.6682,2.40,1.00
2010.05.11 14:21:10.058,0.6679,0.6682,2.40,10.40
2010.05.11 14:21:13.185,0.66795,0.6682,1.00,4.80
2010.05.11 14:21:13.348,0.66795,0.66825,1.00,10.40
2010.05.11 14:21:13.508,0.66795,0.66825,5.70,1.00
2010.05.11 14:21:13.668,0.66795,0.66825,4.90,1.00
2010.05.11 14:21:14.456,0.6679,0.66825,3.30,11.20
2010.05.11 14:21:14.797,0.6679,0.6682,2.40,1.00
2010.05.11 14:21:15.630,0.668,0.6683,3.20,1.60
2010.05.11 14:21:15.966,0.668,0.6683,1.00,10.40
2010.05.11 14:21:16.305,0.66795,0.66825,4.90,1.00
2010.05.11 14:21:17.086,0.66795,0.66825,1.00,10.40
2010.05.11 14:21:17.548,0.6679,0.66825,4.10,10.40
2010.05.11 14:21:17.764,0.6679,0.6682,3.30,5.60
2010.05.11 14:21:18.393,0.6679,0.6682,3.30,10.40
2010.05.11 14:21:18.625,0.6679,0.6682,2.50,10.40
2010.05.11 14:21:18.967,0.6679,0.6682,2.50,5.60
2010.05.11 14:21:21.926,0.6679,0.6682,3.20,9.60
2010.05.11 14:21:22.165,0.6679,0.66825,3.30,12.00
2010.05.11 14:21:23.684,0.6679,0.6682,2.50,1.00
2010.05.11 14:21:23.915,0.6679,0.66825,3.30,12.00
2010.05.11 14:21:24.412,0.6679,0.66825,8.10,7.20
2010.05.11 14:21:24.778,0.6679,0.6682,2.50,1.00
2010.05.11 14:21:25.117,0.6679,0.6682,2.50,10.40
2010.05.11 14:21:26.453,0.66785,0.6681,1.70,1.00
2010.05.11 14:21:26.609,0.66785,0.6681,1.00,1.00
2010.05.11 14:21:26.767,0.6678,0.6681,5.70,1.00
2010.05.11 14:21:27.898,0.6679,0.6682,1.00,14.40
2010.05.11 14:21:28.235,0.6679,0.6682,3.20,5.60
2010.05.11 14:21:29.025,0.66795,0.6683,10.40,1.60
2010.05.11 14:21:29.810,0.668,0.6683,2.40,5.60
2010.05.11 14:21:30.149,0.668,0.66835,3.20,12.80
2010.05.11 14:21:30.818,0.668,0.66835,3.30,12.80
2010.05.11 14:21:31.275,0.668,0.66835,3.30,11.20
2010.05.11 14:21:31.642,0.668,0.66835,8.10,6.40
2010.05.11 14:21:31.988,0.66795,0.6683,2.50,10.40
2010.05.11 14:21:32.735,0.66795,0.6683,2.50,12.00
2010.05.11 14:21:33.041,0.668,0.66835,3.30,11.20
2010.05.11 14:21:33.286,0.668,0.66835,8.10,8.00
2010.05.11 14:21:34.317,0.66805,0.66835,1.00,12.80
2010.05.11 14:21:35.280,0.668,0.66835,3.20,12.80
2010.05.11 14:21:35.827,0.668,0.66835,3.30,12.80
2010.05.11 14:21:37.553,0.668,0.6683,3.30,1.00
2010.05.11 14:21:40.089,0.66805,0.6683,1.00,1.00
2010.05.11 14:21:42.707,0.668,0.6683,5.70,1.00
2010.05.11 14:21:45.084,0.668,0.6683,5.60,1.00
2010.05.11 14:21:45.385,0.668,0.6683,10.40,1.00
2010.05.11 14:21:45.899,0.668,0.6683,5.60,1.00
2010.05.11 14:21:48.517,0.66805,0.66835,1.00,12.00
2010.05.11 14:21:48.719,0.6681,0.6684,3.20,7.20
2010.05.11 14:21:49.349,0.66815,0.6685,1.70,11.20
2010.05.11 14:21:49.544,0.6682,0.6685,2.40,11.20
2010.05.11 14:21:50.037,0.6682,0.6685,2.50,11.20
2010.05.11 14:21:50.368,0.6682,0.6685,3.30,1.00
2010.05.11 14:21:52.088,0.6682,0.6685,3.30,2.40
2010.05.11 14:21:52.305,0.6682,0.66845,2.40,2.40
2010.05.11 14:21:52.936,0.66815,0.66845,1.00,1.00
2010.05.11 14:21:53.277,0.66815,0.66845,1.00,5.60
2010.05.11 14:21:56.500,0.6681,0.6684,3.20,1.00
2010.05.11 14:21:56.666,0.6681,0.6684,2.40,1.00
2010.05.11 14:21:57.801,0.6681,0.6684,2.50,1.00
2010.05.11 14:21:58.144,0.6681,0.6684,2.40,1.00
2010.05.11 14:21:58.841,0.6681,0.6684,2.50,1.00
2010.05.11 14:21:59.526,0.6681,0.66845,3.30,14.40
2010.05.11 14:21:59.786,0.6681,0.66845,8.90,13.60
2010.05.11 14:22:00.511,0.66815,0.66845,1.00,1.00
2010.05.11 14:22:00.840,0.6682,0.6685,2.50,1.00
2010.05.11 14:22:03.644,0.6682,0.66855,4.10,12.00
2010.05.11 14:22:04.447,0.6682,0.66855,13.70,1.00
2010.05.11 14:22:04.785,0.66825,0.66855,1.00,1.00
2010.05.11 14:22:05.464,0.6682,0.66855,13.60,1.00
2010.05.11 14:22:05.805,0.66825,0.66855,1.00,1.00
2010.05.11 14:22:06.271,0.6682,0.66855,16.80,1.00
2010.05.11 14:22:06.357,0.66825,0.66855,1.00,1.00
2010.05.11 14:22:08.707,0.6683,0.6686,1.00,13.60
2010.05.11 14:22:08.860,0.6683,0.66865,8.10,6.40
2010.05.11 14:22:09.006,0.6683,0.6686,8.10,1.00
2010.05.11 14:22:09.657,0.6683,0.66865,1.00,14.40
2010.05.11 14:22:09.807,0.66825,0.66855,7.30,1.00
2010.05.11 14:22:10.544,0.6683,0.6686,4.90,1.00
2010.05.11 14:22:10.886,0.66835,0.66865,1.00,5.60
2010.05.11 14:22:11.228,0.6684,0.66865,1.00,4.80
2010.05.11 14:22:12.071,0.6684,0.66865,1.60,3.20
2010.05.11 14:22:12.359,0.6684,0.6686,2.40,1.00
2010.05.11 14:22:13.170,0.66835,0.6685,1.00,9.60
2010.05.11 14:22:13.519,0.6683,0.66855,1.00,9.60
2010.05.11 14:22:14.262,0.66825,0.66855,1.70,9.60
2010.05.11 14:22:14.600,0.66835,0.66865,2.50,3.20
2010.05.11 14:22:14.938,0.66835,0.66865,1.60,4.80
2010.05.11 14:22:15.423,0.66835,0.66865,1.60,14.40
2010.05.11 14:22:15.764,0.6683,0.66855,1.00,10.40
2010.05.11 14:22:16.106,0.6682,0.66855,5.50,12.00
2010.05.11 14:22:16.586,0.66825,0.66855,1.00,12.00
2010.05.11 14:22:16.876,0.6683,0.66855,1.00,12.00
2010.05.11 14:22:17.150,0.6683,0.66855,1.00,1.00
2010.05.11 14:22:17.884,0.6683,0.66855,1.00,10.40
2010.05.11 14:22:18.227,0.6682,0.66855,10.50,5.60
2010.05.11 14:22:18.568,0.66825,0.66855,1.00,11.20
2010.05.11 14:22:19.348,0.66825,0.6686,7.30,6.40
2010.05.11 14:22:19.670,0.66825,0.66855,1.00,1.60
