2014.06.30 01:00:00.439,0.88954,0.88985,1.00,2.33
2014.06.30 01:00:00.490,0.88954,0.88987,1.00,2.33
2014.06.30 01:00:00.591,0.88954,0.8899,1.00,2.33
2014.06.30 01:00:00.642,0.88955,0.88993,1.00,2.33
2014.06.30 01:00:00.794,0.8896,0.88993,1.00,2.33
2014.06.30 01:00:01.320,0.88959,0.88996,1.00,2.33
2014.06.30 01:00:01.592,0.88959,0.88986,1.00,2.25
2014.06.30 01:00:01.895,0.8896,0.88978,1.00,2.33
2014.06.30 01:00:02.047,0.8896,0.8898,1.00,2.33
2014.06.30 01:00:02.148,0.8896,0.88991,1.00,1.18
2014.06.30 01:00:02.299,0.88955,0.88991,1.00,1.18
2014.06.30 01:00:03.053,0.88955,0.88982,1.00,2.25
2014.06.30 01:00:03.355,0.88959,0.88979,1.00,2.33
2014.06.30 01:00:03.610,0.88955,0.88979,1.00,2.33
2014.06.30 01:00:04.391,0.88955,0.88977,1.00,2.33
2014.06.30 01:00:04.696,0.88955,0.88975,1.00,2.33
2014.06.30 01:00:04.747,0.88955,0.88978,1.00,2.33
2014.06.30 01:00:05.050,0.8896,0.88977,1.00,3.08
2014.06.30 01:00:05.151,0.88953,0.88976,1.00,2.33
2014.06.30 01:00:05.202,0.88953,0.88977,1.00,1.15
2014.06.30 01:00:05.404,0.88955,0.88979,1.00,2.33
2014.06.30 01:00:05.743,0.88952,0.88975,1.10,1.18
2014.06.30 01:00:05.794,0.88952,0.88975,1.10,1.15
2014.06.30 01:00:06.104,0.8895,0.88974,1.00,1.15
2014.06.30 01:00:06.155,0.88946,0.88972,1.00,3.08
2014.06.30 01:00:06.508,0.88945,0.88961,1.10,1.00
2014.06.30 01:00:06.611,0.8894,0.88961,1.00,1.15
2014.06.30 01:00:06.713,0.88937,0.8896,1.00,1.15
2014.06.30 01:00:07.256,0.88935,0.88959,1.00,1.15
2014.06.30 01:00:07.609,0.88935,0.88955,1.00,1.00
2014.06.30 01:00:07.754,0.88931,0.88955,1.00,1.65
2014.06.30 01:00:08.569,0.8893,0.88952,1.10,1.10
2014.06.30 01:00:09.057,0.88935,0.88952,1.00,1.10
2014.06.30 01:00:09.666,0.88935,0.8895,1.00,1.00
2014.06.30 01:00:09.818,0.8893,0.8895,1.00,1.08
2014.06.30 01:00:09.869,0.8893,0.8895,1.00,1.15
2014.06.30 01:00:11.467,0.88925,0.88946,1.00,1.10
2014.06.30 01:00:11.569,0.8893,0.88946,1.00,1.10
2014.06.30 01:00:12.787,0.88925,0.88947,1.00,1.15
2014.06.30 01:00:12.938,0.88925,0.88942,1.00,2.33
2014.06.30 01:00:13.674,0.88925,0.8894,1.00,2.33
2014.06.30 01:00:13.826,0.88925,0.88938,1.00,1.18
2014.06.30 01:00:13.927,0.8892,0.88938,1.00,1.00
2014.06.30 01:00:14.081,0.8892,0.88944,1.00,1.15
2014.06.30 01:00:14.132,0.88929,0.88944,1.00,1.18
2014.06.30 01:00:14.183,0.88929,0.88946,1.00,1.15
2014.06.30 01:00:14.730,0.8893,0.88948,1.00,1.15
2014.06.30 01:00:14.984,0.8893,0.88946,1.00,1.18
2014.06.30 01:00:15.136,0.88925,0.88943,1.00,1.18
2014.06.30 01:00:15.186,0.88925,0.88939,1.00,1.00
2014.06.30 01:00:16.679,0.88929,0.88941,1.00,1.15
2014.06.30 01:00:16.780,0.88929,0.88946,1.00,1.15
2014.06.30 01:00:17.339,0.8893,0.88946,1.38,1.15
2014.06.30 01:00:17.441,0.88925,0.88946,1.38,1.15
2014.06.30 01:00:17.947,0.88925,0.8894,1.38,1.00
2014.06.30 01:00:18.270,0.8893,0.8894,1.00,1.00
2014.06.30 01:00:19.087,0.8892,0.8894,1.00,1.00
2014.06.30 01:00:19.138,0.8892,0.88938,1.00,1.08
2014.06.30 01:00:19.390,0.88915,0.88934,1.00,1.08
2014.06.30 01:00:19.643,0.8891,0.88934,1.10,1.15
2014.06.30 01:00:19.694,0.8891,0.88928,1.10,1.10
2014.06.30 01:00:19.845,0.88905,0.88928,1.10,1.18
2014.06.30 01:00:19.896,0.88905,0.88923,1.10,1.00
2014.06.30 01:00:20.199,0.889,0.88921,1.00,1.15
2014.06.30 01:00:21.014,0.889,0.88924,1.29,2.33
2014.06.30 01:00:21.165,0.889,0.88928,1.34,1.40
2014.06.30 01:00:22.085,0.88901,0.88928,2.52,1.27
2014.06.30 01:00:22.237,0.88903,0.8893,1.34,1.84
2014.06.30 01:00:23.889,0.889,0.8893,1.84,1.84
2014.06.30 01:00:29.549,0.88901,0.88926,1.27,1.18
2014.06.30 01:00:30.029,0.88897,0.88925,1.92,1.40
2014.06.30 01:00:31.112,0.88898,0.88925,1.37,1.40
2014.06.30 01:00:31.580,0.88898,0.88925,1.34,1.09
2014.06.30 01:00:32.420,0.889,0.88926,1.84,1.15
2014.06.30 01:00:34.738,0.88901,0.88927,1.92,1.10
2014.06.30 01:00:35.940,0.88905,0.88926,1.29,1.00
2014.06.30 01:00:36.511,0.88904,0.88925,1.27,1.00
2014.06.30 01:00:37.749,0.889,0.88921,3.08,1.00
2014.06.30 01:00:37.800,0.889,0.88921,1.18,1.58
2014.06.30 01:00:37.851,0.889,0.88916,1.08,1.08
2014.06.30 01:00:37.902,0.88888,0.8891,2.22,1.00
2014.06.30 01:00:38.054,0.88885,0.8891,1.09,1.65
2014.06.30 01:00:38.158,0.88885,0.88909,1.19,2.52
2014.06.30 01:00:38.361,0.88879,0.88905,3.23,1.37
2014.06.30 01:00:38.462,0.88879,0.88896,1.18,1.00
2014.06.30 01:00:38.512,0.88879,0.88896,1.10,1.00
2014.06.30 01:00:38.563,0.8888,0.88896,1.19,1.00
2014.06.30 01:00:38.967,0.8888,0.88901,1.69,1.10
2014.06.30 01:00:39.371,0.88884,0.88905,1.19,1.18
2014.06.30 01:00:41.104,0.88885,0.88908,1.33,1.37
2014.06.30 01:00:41.338,0.88885,0.88909,1.84,2.22
2014.06.30 01:00:41.770,0.88889,0.88909,1.19,1.28
2014.06.30 01:00:42.074,0.88892,0.88913,1.19,2.33
2014.06.30 01:00:42.225,0.88892,0.88911,1.19,1.00
2014.06.30 01:00:42.642,0.88891,0.88913,1.19,3.53
2014.06.30 01:00:43.427,0.8889,0.88914,1.77,1.17
2014.06.30 01:00:44.056,0.88893,0.88915,1.19,1.40
2014.06.30 01:00:44.559,0.88896,0.88915,1.19,1.15
2014.06.30 01:00:44.711,0.88896,0.88918,1.19,1.09
2014.06.30 01:00:45.586,0.889,0.88921,1.25,1.84
2014.06.30 01:00:45.740,0.889,0.88921,1.25,1.84
2014.06.30 01:00:46.130,0.88904,0.88921,1.00,1.84
2014.06.30 01:00:46.232,0.889,0.88921,1.25,1.84
2014.06.30 01:00:46.384,0.88905,0.88921,1.00,1.65
2014.06.30 01:00:46.486,0.88905,0.88921,1.00,1.10
2014.06.30 01:00:47.345,0.88905,0.88921,1.00,1.09
2014.06.30 01:00:47.617,0.889,0.88919,1.25,1.18
2014.06.30 01:00:47.819,0.889,0.88919,1.25,1.15
2014.06.30 01:00:48.104,0.88895,0.88919,1.69,1.84
2014.06.30 01:00:48.469,0.88892,0.88915,1.19,1.40
2014.06.30 01:00:48.988,0.88895,0.88914,1.00,1.15
2014.06.30 01:00:51.529,0.88892,0.88914,1.19,1.40
2014.06.30 01:00:51.631,0.88892,0.88914,1.19,1.40
2014.06.30 01:00:52.180,0.8889,0.88914,1.69,1.40
2014.06.30 01:00:52.539,0.88895,0.88914,1.00,1.40
2014.06.30 01:00:53.490,0.8889,0.88914,1.69,1.84
2014.06.30 01:00:53.591,0.8889,0.88911,1.00,1.34
2014.06.30 01:00:55.129,0.8889,0.88911,1.00,1.34
2014.06.30 01:00:57.320,0.8889,0.88912,1.25,3.27
2014.06.30 01:00:57.824,0.8889,0.88909,1.00,1.40
2014.06.30 01:00:58.125,0.88884,0.88905,1.00,1.78
2014.06.30 01:00:58.226,0.8888,0.88903,1.25,1.25
2014.06.30 01:00:58.378,0.88885,0.88903,1.00,1.34
2014.06.30 01:00:58.680,0.88888,0.88906,1.25,2.33
2014.06.30 01:00:58.782,0.88889,0.88909,1.00,1.15
2014.06.30 01:00:58.883,0.88888,0.88909,1.25,1.18
2014.06.30 01:00:59.106,0.8889,0.88909,1.00,1.18
2014.06.30 01:01:00.117,0.88889,0.88906,1.00,1.38
2014.06.30 01:01:00.219,0.88884,0.88906,1.00,4.39
2014.06.30 01:01:00.320,0.8889,0.88906,1.00,3.64
2014.06.30 01:01:00.527,0.8889,0.88903,1.00,1.00
2014.06.30 01:01:01.047,0.8889,0.88908,1.00,1.15
2014.06.30 01:01:01.199,0.8889,0.88912,1.00,4.02
2014.06.30 01:01:01.300,0.8889,0.88912,1.00,1.84
2014.06.30 01:01:01.810,0.8889,0.88909,1.00,1.00
2014.06.30 01:01:02.316,0.8889,0.88909,1.19,1.00
2014.06.30 01:01:03.541,0.8889,0.88909,1.19,1.08
2014.06.30 01:01:03.643,0.88887,0.88906,1.29,1.00
2014.06.30 01:01:03.744,0.88883,0.88904,1.37,1.00
2014.06.30 01:01:03.895,0.88883,0.88904,1.19,1.15
2014.06.30 01:01:04.708,0.88885,0.88904,1.00,1.15
2014.06.30 01:01:05.231,0.88883,0.88904,1.19,1.15
2014.06.30 01:01:05.753,0.88885,0.88904,1.00,1.15
2014.06.30 01:01:08.228,0.88883,0.88904,1.19,1.15
2014.06.30 01:01:08.461,0.88885,0.88904,1.00,1.00
2014.06.30 01:01:09.382,0.88885,0.88904,1.19,1.00
2014.06.30 01:01:10.111,0.8889,0.88908,1.00,1.15
2014.06.30 01:01:10.262,0.8889,0.8891,1.00,1.40
2014.06.30 01:01:10.503,0.8889,0.88913,1.69,3.27
2014.06.30 01:01:10.554,0.88895,0.88914,1.00,1.37
2014.06.30 01:01:10.869,0.889,0.88916,1.00,1.84
2014.06.30 01:01:11.021,0.88895,0.88916,1.00,1.84
2014.06.30 01:01:11.558,0.88895,0.88916,1.19,1.15
2014.06.30 01:01:12.822,0.88895,0.88916,1.00,1.92
2014.06.30 01:01:13.756,0.889,0.88913,1.00,1.10
2014.06.30 01:01:13.857,0.88895,0.88913,1.25,1.10
2014.06.30 01:01:15.898,0.88895,0.88913,1.00,1.48
2014.06.30 01:01:16.050,0.88895,0.88911,1.00,1.15
2014.06.30 01:01:16.231,0.8889,0.88911,1.25,1.15
2014.06.30 01:01:17.129,0.8889,0.88911,1.19,1.15
2014.06.30 01:01:20.171,0.8889,0.88911,1.69,1.15
2014.06.30 01:01:21.618,0.88891,0.88911,1.19,1.00
2014.06.30 01:01:22.151,0.8889,0.88911,1.69,1.18
2014.06.30 01:01:23.070,0.88894,0.88911,1.00,1.18
2014.06.30 01:01:24.477,0.88891,0.88911,1.19,1.18
2014.06.30 01:01:24.807,0.88895,0.88911,1.00,1.18
2014.06.30 01:01:24.959,0.88891,0.88911,1.19,1.18
2014.06.30 01:01:25.362,0.88895,0.88911,1.00,1.18
2014.06.30 01:01:25.597,0.88887,0.8891,1.29,1.20
2014.06.30 01:01:25.647,0.88887,0.88908,1.29,1.08
2014.06.30 01:01:25.950,0.88885,0.88906,1.00,1.84
2014.06.30 01:01:26.196,0.88885,0.88904,1.00,1.15
2014.06.30 01:01:30.090,0.88882,0.88904,1.19,1.15
2014.06.30 01:01:30.898,0.88883,0.88904,1.19,1.15
2014.06.30 01:01:31.201,0.88883,0.88904,1.19,1.18
2014.06.30 01:01:32.301,0.88885,0.88904,1.00,1.18
2014.06.30 01:01:32.879,0.88882,0.88904,1.19,1.18
2014.06.30 01:01:33.554,0.88882,0.88904,1.19,1.55
2014.06.30 01:01:33.858,0.8888,0.88901,1.69,1.65
2014.06.30 01:01:34.071,0.8888,0.88903,1.84,1.02
2014.06.30 01:01:34.603,0.88882,0.88903,1.19,1.10
2014.06.30 01:01:35.807,0.8888,0.88903,1.37,1.77
2014.06.30 01:01:35.908,0.8888,0.88901,1.27,1.55
2014.06.30 01:01:36.324,0.8888,0.88903,1.29,1.84
2014.06.30 01:01:36.425,0.88882,0.88903,1.19,1.18
2014.06.30 01:01:36.937,0.88884,0.88903,1.00,1.18
2014.06.30 01:01:37.435,0.88881,0.88903,1.19,1.09
2014.06.30 01:01:38.799,0.88885,0.88903,1.00,1.09
2014.06.30 01:01:43.948,0.88885,0.88903,1.00,1.18
2014.06.30 01:01:44.058,0.8888,0.88903,1.69,1.15
2014.06.30 01:01:44.430,0.8888,0.88903,1.84,1.10
2014.06.30 01:01:44.531,0.8888,0.88901,1.84,1.00
2014.06.30 01:01:44.837,0.8888,0.88898,1.18,1.00
2014.06.30 01:01:44.888,0.8888,0.889,1.18,1.25
2014.06.30 01:01:45.093,0.88885,0.889,1.00,1.00
2014.06.30 01:01:45.689,0.88885,0.88899,1.00,1.00
2014.06.30 01:01:46.632,0.8888,0.88899,1.40,1.13
2014.06.30 01:01:46.683,0.8888,0.88899,1.00,1.32
2014.06.30 01:01:46.734,0.8888,0.88896,1.00,1.00
2014.06.30 01:01:47.189,0.8888,0.88899,1.00,1.00
2014.06.30 01:01:47.472,0.8888,0.88899,1.69,1.00
2014.06.30 01:01:47.775,0.88884,0.88899,1.00,1.00
2014.06.30 01:01:49.043,0.88884,0.88902,1.00,1.00
2014.06.30 01:01:49.810,0.88884,0.88904,1.00,1.02
2014.06.30 01:01:49.862,0.88884,0.88904,1.15,1.25
2014.06.30 01:01:49.963,0.88884,0.88906,1.84,1.69
2014.06.30 01:01:52.991,0.8889,0.88906,1.00,1.50
2014.06.30 01:01:53.339,0.88895,0.88906,1.00,1.50
2014.06.30 01:01:53.491,0.88895,0.88909,1.00,1.25
2014.06.30 01:01:54.683,0.88889,0.88909,1.09,1.95
2014.06.30 01:01:54.735,0.88889,0.88906,1.09,1.00
2014.06.30 01:01:55.859,0.88895,0.88906,1.00,1.00
2014.06.30 01:01:55.960,0.88895,0.88909,1.00,1.00
2014.06.30 01:01:56.011,0.88895,0.88913,1.00,1.69
2014.06.30 01:01:56.648,0.8889,0.88913,1.34,1.69
2014.06.30 01:01:57.279,0.8889,0.88911,1.40,1.00
2014.06.30 01:01:57.480,0.8889,0.88913,1.09,1.25
2014.06.30 01:01:57.581,0.8889,0.88914,1.84,1.37
2014.06.30 01:01:57.943,0.88891,0.88914,1.29,1.37
2014.06.30 01:01:58.709,0.88895,0.88914,1.00,1.37
2014.06.30 01:02:02.155,0.88895,0.88914,1.00,1.40
2014.06.30 01:02:02.458,0.88885,0.88904,1.00,1.72
2014.06.30 01:02:02.559,0.8888,0.889,1.10,1.25
2014.06.30 01:02:03.125,0.8888,0.889,1.77,1.50
2014.06.30 01:02:04.266,0.8888,0.889,1.02,1.50
2014.06.30 01:02:05.626,0.88885,0.889,1.00,1.00
2014.06.30 01:02:10.852,0.88885,0.889,1.00,1.69
2014.06.30 01:02:11.155,0.8888,0.88895,1.00,1.00
2014.06.30 01:02:11.605,0.88875,0.88895,1.25,1.65
2014.06.30 01:02:11.858,0.88872,0.88895,1.29,1.84
2014.06.30 01:02:12.009,0.88872,0.88893,1.19,1.15
2014.06.30 01:02:12.862,0.8887,0.8889,1.69,1.18
2014.06.30 01:02:13.864,0.88871,0.8889,1.19,1.18
2014.06.30 01:02:14.867,0.88871,0.8889,1.19,1.18
2014.06.30 01:02:15.872,0.88871,0.8889,1.19,1.18
2014.06.30 01:02:16.975,0.8887,0.8889,1.69,1.18
2014.06.30 01:02:17.616,0.88875,0.8889,1.00,1.18
2014.06.30 01:02:22.394,0.8887,0.8889,1.19,1.18
2014.06.30 01:02:22.566,0.88875,0.8889,1.00,1.18
2014.06.30 01:02:22.800,0.8887,0.8889,1.19,1.18
2014.06.30 01:02:23.386,0.88875,0.8889,1.00,1.18
2014.06.30 01:02:23.885,0.8887,0.8889,1.69,1.18
2014.06.30 01:02:24.682,0.8887,0.8889,1.25,1.18
2014.06.30 01:02:25.687,0.8887,0.8889,1.69,1.18
2014.06.30 01:02:27.888,0.8887,0.8889,1.77,1.00
2014.06.30 01:02:32.427,0.8887,0.88888,1.00,1.00
2014.06.30 01:02:32.955,0.8887,0.88888,1.00,1.09
2014.06.30 01:02:34.908,0.8887,0.88885,1.00,1.00
2014.06.30 01:02:35.442,0.88865,0.88885,1.77,1.00
2014.06.30 01:02:36.878,0.88866,0.88885,1.19,1.18
2014.06.30 01:02:37.622,0.88865,0.88885,1.69,1.18
2014.06.30 01:02:39.655,0.88865,0.88882,1.69,1.00
2014.06.30 01:02:40.164,0.88864,0.88882,1.69,1.00
2014.06.30 01:02:40.945,0.88864,0.88882,1.69,1.00
2014.06.30 01:02:50.106,0.8887,0.88885,1.00,1.00
2014.06.30 01:02:50.656,0.88869,0.88885,1.00,1.00
2014.06.30 01:02:51.330,0.88867,0.88885,1.19,1.00
2014.06.30 01:02:51.878,0.88865,0.88885,1.77,1.00
2014.06.30 01:02:54.815,0.88865,0.88885,1.25,1.10
2014.06.30 01:02:54.916,0.88863,0.88881,1.19,1.00
2014.06.30 01:02:55.528,0.88865,0.88884,1.02,1.00
2014.06.30 01:02:55.629,0.8887,0.88884,1.00,1.00
2014.06.30 01:02:56.134,0.88865,0.88884,1.02,1.00
2014.06.30 01:02:57.034,0.88865,0.88884,1.29,1.00
2014.06.30 01:03:00.269,0.88865,0.88879,1.29,1.00
2014.06.30 01:03:00.613,0.88865,0.88882,1.29,1.00
2014.06.30 01:03:00.817,0.88865,0.88878,1.29,1.00
2014.06.30 01:03:02.533,0.88865,0.88878,1.10,1.00
2014.06.30 01:03:03.038,0.88863,0.88878,1.19,1.00
2014.06.30 01:03:06.756,0.88862,0.88878,1.29,1.00
2014.06.30 01:03:07.751,0.88862,0.88878,1.29,1.00
2014.06.30 01:03:09.759,0.88862,0.88878,1.29,1.00
2014.06.30 01:03:11.837,0.88862,0.88878,1.29,1.00
2014.06.30 01:03:12.071,0.88861,0.88878,1.17,1.00
2014.06.30 01:03:12.273,0.8886,0.88878,1.25,1.00
2014.06.30 01:03:12.374,0.8886,0.88875,1.25,1.00
2014.06.30 01:03:12.677,0.8886,0.88873,1.25,1.00
2014.06.30 01:03:13.019,0.8886,0.88881,1.25,1.27
2014.06.30 01:03:13.922,0.8886,0.88881,1.00,1.27
2014.06.30 01:03:14.433,0.88858,0.8888,1.19,1.40
2014.06.30 01:03:14.981,0.88857,0.8888,1.19,1.34
2014.06.30 01:03:25.213,0.88856,0.88881,1.34,1.65
2014.06.30 01:03:25.720,0.88859,0.88881,1.10,1.65
2014.06.30 01:03:25.989,0.88861,0.88881,1.10,1.20
2014.06.30 01:03:26.714,0.8886,0.8888,1.19,1.00
2014.06.30 01:03:27.238,0.88858,0.8888,1.29,1.00
2014.06.30 01:03:27.642,0.88865,0.88881,1.00,1.20
2014.06.30 01:03:27.902,0.88865,0.88885,1.00,1.84
2014.06.30 01:03:28.568,0.88865,0.88887,1.10,1.29
2014.06.30 01:03:28.669,0.88865,0.88887,1.00,3.19
2014.06.30 01:03:29.180,0.8886,0.88884,3.34,1.84
2014.06.30 01:03:30.571,0.8886,0.88883,1.77,1.37
2014.06.30 01:03:31.168,0.88861,0.88884,1.19,1.34
2014.06.30 01:03:31.471,0.88865,0.88887,1.25,4.02
2014.06.30 01:03:34.361,0.88865,0.88884,1.00,1.00
2014.06.30 01:03:36.246,0.88865,0.88888,1.18,1.77
2014.06.30 01:03:36.347,0.88865,0.88888,1.00,1.84
2014.06.30 01:03:41.115,0.88865,0.88884,1.25,1.00
2014.06.30 01:03:42.177,0.88865,0.88884,1.69,1.00
2014.06.30 01:03:43.378,0.88865,0.88888,1.69,1.34
2014.06.30 01:03:43.883,0.88865,0.88884,1.69,1.00
2014.06.30 01:03:45.586,0.88866,0.88884,1.19,1.00
2014.06.30 01:03:45.691,0.88866,0.88888,1.29,1.08
2014.06.30 01:03:45.743,0.88866,0.88888,1.39,1.00
2014.06.30 01:03:45.793,0.88866,0.88888,1.29,1.08
2014.06.30 01:03:46.589,0.88866,0.88884,1.19,1.00
2014.06.30 01:03:46.640,0.88865,0.88884,1.19,1.00
2014.06.30 01:03:47.337,0.88865,0.88888,1.19,1.34
2014.06.30 01:03:47.592,0.88865,0.88884,1.19,1.00
2014.06.30 01:03:48.877,0.88865,0.88888,1.19,1.84
2014.06.30 01:03:49.602,0.88865,0.88888,1.69,1.40
2014.06.30 01:03:50.536,0.88865,0.88884,1.69,1.00
2014.06.30 01:03:51.069,0.88865,0.88884,1.69,1.00
2014.06.30 01:03:52.417,0.88865,0.88884,1.69,1.08
2014.06.30 01:03:52.848,0.88865,0.8888,1.00,1.00
2014.06.30 01:03:55.942,0.88865,0.88884,1.00,1.09
2014.06.30 01:04:01.642,0.88865,0.88882,1.00,1.00
2014.06.30 01:04:02.156,0.88862,0.88882,1.19,1.00
2014.06.30 01:04:03.504,0.88865,0.88882,1.00,1.00
2014.06.30 01:04:04.055,0.88862,0.88882,1.19,1.00
2014.06.30 01:04:04.575,0.88864,0.88885,1.25,1.40
2014.06.30 01:04:04.676,0.88862,0.88885,1.69,3.27
2014.06.30 01:04:04.777,0.8886,0.8888,2.07,1.10
2014.06.30 01:04:05.049,0.8886,0.8888,1.50,1.02
2014.06.30 01:04:05.200,0.88856,0.88879,1.34,1.32
2014.06.30 01:04:05.743,0.88856,0.88879,1.19,1.47
2014.06.30 01:04:07.207,0.88856,0.8888,1.69,2.97
2014.06.30 01:04:09.173,0.88856,0.8888,1.69,2.97
2014.06.30 01:04:18.763,0.88856,0.88878,1.25,1.37
2014.06.30 01:04:21.770,0.88856,0.88879,1.19,1.34
2014.06.30 01:04:22.807,0.88856,0.8888,1.00,2.97
2014.06.30 01:04:23.781,0.88856,0.88879,1.19,1.34
2014.06.30 01:04:30.313,0.88856,0.88879,1.25,1.39
2014.06.30 01:04:34.828,0.88855,0.88877,1.09,1.00
2014.06.30 01:04:35.349,0.88855,0.88877,1.00,1.84
2014.06.30 01:04:35.685,0.8885,0.88872,1.77,1.00
2014.06.30 01:04:36.239,0.8885,0.88872,1.33,1.69
2014.06.30 01:04:36.859,0.88848,0.8887,1.69,1.10
2014.06.30 01:04:37.408,0.88848,0.8887,1.19,1.02
2014.06.30 01:04:38.053,0.88855,0.88871,1.00,1.37
2014.06.30 01:04:38.408,0.88852,0.8887,1.00,1.19
2014.06.30 01:04:38.610,0.88855,0.88872,1.00,1.25
2014.06.30 01:04:39.578,0.88855,0.88873,1.00,1.84
2014.06.30 01:04:39.629,0.88853,0.88873,1.00,1.84
2014.06.30 01:04:39.931,0.88848,0.88868,1.02,1.10
2014.06.30 01:04:40.453,0.88848,0.8887,1.02,1.77
2014.06.30 01:04:40.516,0.88848,0.8887,1.39,1.77
2014.06.30 01:04:41.026,0.88852,0.88871,1.00,1.37
2014.06.30 01:04:42.460,0.88852,0.88873,1.00,1.37
2014.06.30 01:04:42.988,0.88852,0.88873,1.00,1.29
2014.06.30 01:04:43.532,0.88852,0.88875,1.00,1.84
2014.06.30 01:04:43.835,0.8886,0.88878,1.00,1.34
2014.06.30 01:04:44.138,0.88865,0.8888,1.00,1.84
2014.06.30 01:04:44.543,0.8886,0.8888,1.00,2.59
2014.06.30 01:04:44.798,0.88865,0.8888,1.00,1.84
2014.06.30 01:04:45.003,0.8886,0.8888,1.00,1.84
2014.06.30 01:04:45.893,0.88856,0.88878,1.09,1.19
2014.06.30 01:04:46.196,0.88852,0.88874,1.19,1.40
2014.06.30 01:04:47.080,0.8885,0.88874,2.89,1.84
2014.06.30 01:04:47.404,0.88855,0.88874,1.00,1.84
2014.06.30 01:04:47.939,0.88856,0.88874,1.00,1.34
2014.06.30 01:04:48.448,0.88855,0.88873,1.00,1.37
2014.06.30 01:04:48.753,0.88855,0.8887,1.00,1.39
2014.06.30 01:04:48.962,0.88852,0.8887,1.00,1.39
2014.06.30 01:04:49.013,0.88852,0.88868,1.00,1.19
2014.06.30 01:04:49.063,0.88846,0.88868,1.33,1.19
2014.06.30 01:04:52.056,0.88846,0.88869,1.27,1.29
2014.06.30 01:04:53.588,0.8885,0.88869,1.00,1.29
2014.06.30 01:04:54.550,0.8885,0.8887,1.00,2.14
2014.06.30 01:04:56.532,0.88846,0.8887,1.77,2.89
2014.06.30 01:05:00.754,0.88847,0.8887,1.27,2.07
2014.06.30 01:05:00.957,0.88852,0.88875,1.29,1.37
2014.06.30 01:05:01.498,0.88854,0.88875,1.00,1.29
2014.06.30 01:05:04.963,0.88854,0.88875,1.00,1.10
2014.06.30 01:05:05.546,0.88854,0.88875,1.00,1.08
2014.06.30 01:05:05.848,0.88845,0.88864,1.00,1.34
2014.06.30 01:05:06.151,0.88851,0.88867,1.00,1.34
2014.06.30 01:05:06.252,0.88848,0.88867,1.00,1.34
2014.06.30 01:05:07.580,0.88848,0.8886,1.00,1.00
2014.06.30 01:05:07.681,0.88844,0.8886,1.00,1.00
2014.06.30 01:05:07.782,0.88841,0.8886,1.37,1.00
2014.06.30 01:05:12.687,0.88841,0.8886,1.37,1.00
2014.06.30 01:05:15.733,0.88841,0.8886,1.37,1.00
2014.06.30 01:05:16.472,0.88841,0.88861,1.37,1.00
2014.06.30 01:05:16.573,0.88845,0.88864,1.00,1.39
2014.06.30 01:05:16.881,0.8884,0.8886,1.84,1.00
2014.06.30 01:05:17.244,0.88844,0.88863,1.00,1.34
2014.06.30 01:05:17.749,0.88844,0.8886,1.00,1.00
2014.06.30 01:05:19.323,0.88844,0.88863,1.00,1.19
2014.06.30 01:05:19.844,0.88844,0.88864,1.00,1.29
2014.06.30 01:05:20.729,0.88844,0.88864,1.00,1.29
2014.06.30 01:05:21.733,0.88844,0.88864,1.00,1.29
2014.06.30 01:05:24.747,0.88844,0.88864,1.00,1.29
2014.06.30 01:05:25.752,0.88844,0.88864,1.00,1.29
2014.06.30 01:05:27.756,0.88844,0.88864,1.00,1.29
2014.06.30 01:05:28.072,0.88844,0.88862,1.00,1.19
2014.06.30 01:05:28.740,0.88844,0.8886,1.00,1.00
2014.06.30 01:05:29.308,0.8884,0.8886,1.63,1.00
2014.06.30 01:05:31.077,0.8884,0.8886,1.38,1.19
2014.06.30 01:05:36.096,0.8884,0.8886,1.38,1.25
2014.06.30 01:05:37.100,0.8884,0.8886,1.38,1.69
2014.06.30 01:05:39.075,0.8884,0.8886,1.38,1.84
2014.06.30 01:05:39.352,0.88836,0.8886,1.69,2.59
2014.06.30 01:05:39.453,0.88835,0.88853,1.02,1.00
2014.06.30 01:05:39.555,0.88834,0.88855,1.37,1.00
2014.06.30 01:05:40.113,0.88834,0.88855,1.19,1.18
2014.06.30 01:05:40.639,0.88834,0.88855,1.25,1.09
2014.06.30 01:05:40.896,0.88838,0.88857,1.00,1.19
2014.06.30 01:05:41.254,0.88838,0.88859,1.00,1.39
2014.06.30 01:05:41.676,0.88838,0.88859,1.00,3.27
2014.06.30 01:05:41.828,0.88835,0.88855,1.00,1.37
2014.06.30 01:05:41.989,0.88831,0.88855,2.22,2.59
2014.06.30 01:05:42.254,0.88831,0.88855,2.07,2.59
2014.06.30 01:05:42.766,0.88831,0.8885,1.63,1.00
2014.06.30 01:05:43.298,0.88829,0.8885,1.29,1.00
2014.06.30 01:05:43.665,0.88828,0.8885,1.37,1.25
2014.06.30 01:05:44.411,0.88828,0.8885,1.27,1.33
2014.06.30 01:05:44.935,0.88828,0.88849,1.00,1.39
2014.06.30 01:05:45.803,0.8883,0.8885,1.00,1.34
2014.06.30 01:05:46.107,0.8883,0.88852,1.63,1.37
2014.06.30 01:05:48.163,0.88829,0.8885,1.67,1.00
2014.06.30 01:05:49.875,0.8883,0.88852,1.32,1.18
2014.06.30 01:05:52.073,0.8883,0.8885,1.32,1.00
2014.06.30 01:05:53.212,0.8883,0.8885,1.32,1.00
2014.06.30 01:05:55.043,0.8883,0.88852,2.07,1.18
2014.06.30 01:05:56.207,0.8883,0.88852,2.07,1.09
2014.06.30 01:05:58.182,0.8883,0.88852,2.07,1.09
2014.06.30 01:06:02.876,0.88832,0.8885,1.00,1.00
2014.06.30 01:06:03.352,0.88832,0.88845,1.00,1.00
2014.06.30 01:06:03.875,0.88829,0.88845,1.29,1.00
2014.06.30 01:06:03.926,0.88828,0.88845,1.84,1.00
2014.06.30 01:06:06.934,0.88828,0.88845,1.00,1.00
2014.06.30 01:06:07.085,0.8883,0.8885,1.00,1.33
2014.06.30 01:06:38.502,0.88835,0.88849,1.00,1.00
2014.06.30 01:06:38.835,0.8883,0.88849,1.25,1.00
2014.06.30 01:06:40.078,0.8883,0.8885,1.25,1.00
2014.06.30 01:06:41.142,0.88835,0.88852,1.00,1.84
2014.06.30 01:06:41.582,0.8883,0.8885,1.00,1.25
2014.06.30 01:06:43.047,0.8883,0.8885,1.19,1.00
2014.06.30 01:06:43.350,0.88836,0.88856,1.00,1.77
2014.06.30 01:06:43.865,0.88836,0.88855,1.00,1.19
2014.06.30 01:06:44.602,0.88836,0.88855,1.00,1.25
2014.06.30 01:06:45.212,0.88839,0.88858,1.00,1.34
2014.06.30 01:06:47.314,0.88836,0.88855,1.25,1.00
2014.06.30 01:06:48.062,0.88836,0.88855,1.19,1.00
2014.06.30 01:06:49.066,0.88836,0.88855,1.00,1.00
2014.06.30 01:06:56.597,0.88835,0.88855,1.00,1.33
2014.06.30 01:06:57.277,0.88835,0.88855,1.00,1.40
2014.06.30 01:07:04.400,0.88834,0.88854,1.00,1.37
2014.06.30 01:07:07.052,0.88834,0.88856,1.33,1.69
2014.06.30 01:07:07.565,0.88835,0.88855,1.29,1.00
2014.06.30 01:07:08.571,0.88835,0.88855,1.67,1.00
2014.06.30 01:07:08.672,0.88838,0.8886,1.25,1.34
2014.06.30 01:07:09.644,0.88838,0.88861,1.19,1.84
2014.06.30 01:07:10.003,0.88838,0.88861,1.19,1.84
2014.06.30 01:07:12.186,0.88838,0.88855,1.69,1.00
2014.06.30 01:07:15.131,0.88838,0.88856,1.69,1.00
2014.06.30 01:07:16.182,0.88838,0.88856,1.00,1.00
2014.06.30 01:07:16.497,0.88834,0.88855,2.22,1.00
2014.06.30 01:07:17.068,0.88834,0.88855,1.47,1.00
2014.06.30 01:07:30.601,0.88834,0.88856,1.37,1.25
2014.06.30 01:07:31.372,0.88834,0.88855,1.37,1.00
2014.06.30 01:07:31.811,0.88834,0.8885,1.09,1.00
2014.06.30 01:07:32.041,0.88831,0.88851,1.84,1.00
2014.06.30 01:07:32.618,0.88831,0.8885,1.84,1.00
2014.06.30 01:07:33.901,0.88831,0.88845,1.37,1.00
2014.06.30 01:07:34.411,0.88831,0.88845,1.00,1.00
2014.06.30 01:07:37.911,0.88828,0.88845,1.84,1.00
2014.06.30 01:07:38.012,0.8883,0.8885,1.69,1.00
2014.06.30 01:07:38.063,0.8883,0.8885,2.44,1.00
2014.06.30 01:07:44.082,0.8883,0.8885,2.07,1.00
2014.06.30 01:07:53.781,0.88829,0.8885,1.57,1.15
2014.06.30 01:08:00.070,0.88827,0.8885,2.07,1.34
2014.06.30 01:08:00.473,0.88827,0.88845,1.38,1.00
2014.06.30 01:08:01.011,0.88827,0.88849,1.38,1.37
2014.06.30 01:08:01.231,0.88827,0.88845,1.38,1.00
2014.06.30 01:08:01.939,0.88827,0.88845,1.00,1.00
2014.06.30 01:08:02.242,0.88824,0.8884,2.07,1.00
2014.06.30 01:08:02.394,0.88822,0.8884,1.84,1.00
2014.06.30 01:08:02.596,0.88821,0.8884,1.25,1.00
2014.06.30 01:08:03.610,0.88818,0.8884,1.09,1.19
2014.06.30 01:08:03.789,0.88817,0.88837,1.34,1.00
2014.06.30 01:08:03.890,0.88817,0.8884,1.34,1.69
2014.06.30 01:08:06.022,0.88816,0.88838,1.02,1.29
2014.06.30 01:08:06.124,0.88816,0.88836,1.10,1.19
2014.06.30 01:08:07.263,0.88816,0.88835,1.10,1.19
2014.06.30 01:08:07.794,0.88816,0.88835,1.10,1.00
2014.06.30 01:08:08.311,0.88816,0.88837,1.10,1.29
2014.06.30 01:08:09.424,0.88816,0.88837,1.00,1.44
2014.06.30 01:08:12.016,0.88815,0.88836,1.25,1.09
2014.06.30 01:08:12.569,0.88816,0.88838,1.00,1.92
2014.06.30 01:08:12.901,0.8882,0.88838,1.00,1.77
2014.06.30 01:08:13.002,0.8882,0.8884,1.00,2.67
2014.06.30 01:08:14.870,0.88818,0.8884,1.19,1.84
2014.06.30 01:08:14.972,0.88816,0.88836,1.19,1.00
2014.06.30 01:08:15.123,0.88816,0.8884,1.19,1.84
2014.06.30 01:08:16.972,0.88816,0.8884,1.19,1.84
2014.06.30 01:08:18.969,0.88816,0.8884,1.19,1.84
2014.06.30 01:08:23.032,0.88815,0.88839,2.59,1.39
2014.06.30 01:08:23.998,0.88815,0.88839,1.84,1.39
2014.06.30 01:08:24.991,0.88815,0.88839,1.84,1.39
2014.06.30 01:08:25.710,0.88815,0.88839,1.77,1.37
2014.06.30 01:08:26.751,0.88815,0.88839,1.69,1.34
2014.06.30 01:08:33.042,0.88815,0.88835,1.25,1.08
2014.06.30 01:08:39.054,0.88812,0.88835,1.69,1.40
2014.06.30 01:08:40.049,0.88812,0.88835,1.19,1.40
2014.06.30 01:08:41.051,0.88812,0.88835,1.69,1.40
2014.06.30 01:08:52.886,0.88814,0.88835,1.19,1.15
2014.06.30 01:08:55.892,0.88814,0.88835,1.19,1.15
2014.06.30 01:08:56.346,0.88814,0.8883,1.19,1.00
2014.06.30 01:08:56.895,0.88814,0.8883,1.19,1.00
2014.06.30 01:08:57.600,0.88814,0.8883,1.57,1.00
2014.06.30 01:08:57.813,0.88814,0.8883,2.44,1.00
2014.06.30 01:08:57.914,0.88814,0.88835,2.44,1.00
2014.06.30 01:08:58.081,0.88814,0.88835,1.19,1.15
2014.06.30 01:08:58.903,0.88814,0.88835,1.19,1.15
2014.06.30 01:08:59.952,0.88814,0.88835,1.19,1.15
2014.06.30 01:09:06.191,0.88815,0.88836,1.69,1.15
2014.06.30 01:09:07.180,0.88814,0.88835,1.19,1.15
2014.06.30 01:09:08.183,0.88815,0.88836,1.19,1.15
2014.06.30 01:09:08.460,0.88815,0.88836,1.19,1.00
2014.06.30 01:09:09.193,0.88816,0.88836,1.19,1.00
2014.06.30 01:09:11.232,0.88814,0.88836,2.52,1.00
2014.06.30 01:09:13.200,0.88815,0.88836,1.19,1.00
2014.06.30 01:09:13.428,0.88813,0.88835,1.39,1.25
2014.06.30 01:09:13.579,0.88813,0.88835,1.19,1.40
2014.06.30 01:09:14.404,0.88813,0.88835,1.19,1.40
2014.06.30 01:09:15.790,0.88813,0.88835,1.57,1.15
2014.06.30 01:09:16.092,0.88816,0.88835,2.07,1.00
2014.06.30 01:09:17.050,0.88816,0.88835,1.00,1.00
2014.06.30 01:09:19.338,0.88816,0.88836,1.32,1.25
2014.06.30 01:09:20.021,0.88816,0.88836,2.07,1.00
2014.06.30 01:09:20.870,0.8882,0.8884,1.00,3.42
2014.06.30 01:09:22.307,0.88816,0.8883,1.13,1.00
2014.06.30 01:09:22.408,0.88813,0.8883,1.19,1.00
2014.06.30 01:09:22.511,0.8881,0.8883,2.52,1.00
2014.06.30 01:09:22.612,0.8881,0.8883,1.58,1.25
2014.06.30 01:09:23.159,0.8881,0.8883,1.00,1.09
2014.06.30 01:09:23.312,0.88808,0.88825,1.19,1.00
2014.06.30 01:09:23.838,0.88809,0.88831,1.25,1.84
2014.06.30 01:09:24.671,0.88809,0.88831,1.09,1.69
2014.06.30 01:09:25.223,0.88807,0.8883,1.40,2.52
2014.06.30 01:09:27.222,0.88806,0.88829,1.34,1.32
2014.06.30 01:09:28.065,0.88808,0.8883,1.25,2.22
2014.06.30 01:09:28.427,0.88805,0.88825,1.34,1.00
2014.06.30 01:09:29.248,0.88808,0.88825,1.00,1.00
2014.06.30 01:09:29.449,0.88804,0.88825,1.34,1.00
2014.06.30 01:09:33.180,0.88803,0.88824,1.34,1.00
2014.06.30 01:09:33.692,0.88802,0.88825,1.34,1.00
2014.06.30 01:09:34.093,0.88802,0.88825,1.37,1.00
2014.06.30 01:09:34.151,0.88802,0.88825,1.29,1.08
2014.06.30 01:09:34.758,0.88802,0.88825,1.69,1.34
2014.06.30 01:09:36.385,0.88805,0.88826,1.00,1.84
2014.06.30 01:09:36.888,0.88804,0.88826,1.25,1.84
2014.06.30 01:09:37.201,0.88806,0.88826,1.00,1.34
2014.06.30 01:09:39.348,0.8881,0.88827,1.00,1.34
2014.06.30 01:09:39.600,0.8881,0.88828,1.00,1.37
2014.06.30 01:09:40.354,0.8881,0.88829,1.00,1.92
2014.06.30 01:09:41.832,0.8881,0.88829,1.00,2.29
2014.06.30 01:09:41.984,0.88803,0.8882,1.00,1.00
2014.06.30 01:09:42.594,0.88801,0.8882,1.19,1.00
2014.06.30 01:09:43.174,0.888,0.8882,2.44,1.00
2014.06.30 01:09:43.681,0.88797,0.8882,1.27,1.58
2014.06.30 01:09:44.187,0.88797,0.8882,1.19,1.65
2014.06.30 01:09:44.732,0.88797,0.8882,1.19,1.84
2014.06.30 01:09:45.594,0.88797,0.8882,1.19,1.84
2014.06.30 01:09:45.645,0.888,0.8882,1.00,1.34
2014.06.30 01:09:46.519,0.88796,0.88818,1.69,1.20
2014.06.30 01:09:46.727,0.888,0.88819,1.00,1.37
2014.06.30 01:09:46.879,0.88796,0.88819,1.19,1.37
2014.06.30 01:09:47.080,0.888,0.88819,1.00,1.37
2014.06.30 01:09:47.836,0.88799,0.88818,1.00,1.02
2014.06.30 01:09:51.742,0.88799,0.88818,1.77,1.00
2014.06.30 01:09:52.044,0.88795,0.8881,1.00,1.25
2014.06.30 01:09:52.095,0.88793,0.8881,1.00,1.25
2014.06.30 01:09:52.146,0.88792,0.88809,1.00,1.19
2014.06.30 01:09:52.639,0.88787,0.88807,1.15,1.19
2014.06.30 01:09:53.609,0.88788,0.88807,1.10,1.19
2014.06.30 01:09:53.660,0.88788,0.88809,1.10,1.32
2014.06.30 01:09:54.223,0.88788,0.8881,1.10,1.02
2014.06.30 01:09:54.274,0.88788,0.8881,1.15,1.25
2014.06.30 01:09:55.431,0.88792,0.88812,1.10,1.19
2014.06.30 01:09:56.237,0.88792,0.88813,1.10,1.77
2014.06.30 01:10:00.277,0.88792,0.88812,1.10,1.19
2014.06.30 01:10:01.245,0.88792,0.88814,1.02,1.29
2014.06.30 01:10:02.099,0.88792,0.88811,1.02,1.10
2014.06.30 01:10:02.610,0.8879,0.8881,1.15,1.00
2014.06.30 01:10:05.870,0.8879,0.88812,1.15,1.77
2014.06.30 01:10:06.382,0.8879,0.88812,2.22,1.00
2014.06.30 01:10:07.109,0.88791,0.88812,1.47,1.00
2014.06.30 01:10:07.638,0.8879,0.88812,1.40,1.00
2014.06.30 01:10:07.689,0.8879,0.88812,1.00,1.37
2014.06.30 01:10:07.790,0.8879,0.88812,1.20,1.29
2014.06.30 01:10:08.311,0.88791,0.88812,1.47,1.00
2014.06.30 01:10:09.083,0.88792,0.8881,1.20,1.00
2014.06.30 01:10:11.570,0.8879,0.88812,1.34,1.25
2014.06.30 01:10:11.722,0.88793,0.88812,1.19,1.00
2014.06.30 01:10:11.823,0.88796,0.88815,1.10,1.25
2014.06.30 01:10:11.975,0.88796,0.88815,1.15,1.25
2014.06.30 01:10:12.227,0.88795,0.88815,1.10,1.63
2014.06.30 01:10:12.335,0.88795,0.88812,1.10,1.00
2014.06.30 01:10:12.458,0.88795,0.88815,2.14,1.50
2014.06.30 01:10:12.510,0.88795,0.88815,2.14,1.50
2014.06.30 01:10:12.762,0.88795,0.88815,1.00,1.63
2014.06.30 01:10:12.813,0.88792,0.88812,1.34,1.00
2014.06.30 01:10:12.920,0.88792,0.88815,1.34,1.25
2014.06.30 01:10:13.424,0.88792,0.88815,1.34,1.25
2014.06.30 01:10:14.175,0.88796,0.88815,1.00,1.25
2014.06.30 01:10:15.789,0.88794,0.88815,1.37,1.00
2014.06.30 01:10:15.890,0.88794,0.8881,1.37,1.00
2014.06.30 01:10:16.042,0.88792,0.8881,1.19,1.00
2014.06.30 01:10:16.933,0.8879,0.8881,1.84,1.00
2014.06.30 01:10:18.916,0.8879,0.8881,1.09,1.00
2014.06.30 01:10:20.149,0.88789,0.88811,1.84,1.25
2014.06.30 01:10:21.527,0.88791,0.88811,1.29,1.00
2014.06.30 01:10:21.691,0.88795,0.88812,1.00,1.00
2014.06.30 01:10:21.825,0.88791,0.8881,1.29,1.00
2014.06.30 01:10:22.530,0.8879,0.8881,1.37,1.00
2014.06.30 01:10:27.543,0.88791,0.8881,1.29,1.00
2014.06.30 01:10:28.270,0.88791,0.8881,3.19,1.00
2014.06.30 01:10:28.422,0.88791,0.8881,1.29,1.00
2014.06.30 01:10:29.148,0.8879,0.8881,1.09,1.00
2014.06.30 01:10:32.366,0.8879,0.8881,1.84,1.00
2014.06.30 01:10:33.390,0.8879,0.88811,1.37,1.00
2014.06.30 01:10:33.621,0.88792,0.8881,1.19,1.00
2014.06.30 01:10:35.028,0.88792,0.8881,1.34,1.00
2014.06.30 01:10:35.463,0.88792,0.88814,1.72,1.00
2014.06.30 01:10:35.665,0.88796,0.88818,1.00,1.37
2014.06.30 01:10:36.587,0.88796,0.88819,1.00,1.34
2014.06.30 01:10:36.886,0.88796,0.88819,1.08,1.27
2014.06.30 01:10:37.591,0.88796,0.8882,1.84,1.77
2014.06.30 01:10:38.688,0.88796,0.88815,1.40,1.00
2014.06.30 01:10:38.848,0.88795,0.88815,1.77,1.00
2014.06.30 01:10:39.300,0.88795,0.88816,2.22,1.00
2014.06.30 01:10:42.378,0.88797,0.88815,1.37,1.00
2014.06.30 01:10:42.530,0.88795,0.88815,1.19,1.10
2014.06.30 01:10:43.522,0.88795,0.88815,1.25,1.10
2014.06.30 01:10:43.589,0.88793,0.8881,1.19,1.00
2014.06.30 01:10:43.741,0.88794,0.88816,1.19,1.77
2014.06.30 01:10:44.619,0.88794,0.88816,1.77,1.69
2014.06.30 01:10:45.521,0.88794,0.88816,1.77,1.50
2014.06.30 01:10:47.218,0.88794,0.8881,1.27,1.00
2014.06.30 01:10:47.332,0.888,0.88816,1.00,1.00
2014.06.30 01:10:47.584,0.88795,0.88815,1.02,1.00
2014.06.30 01:10:47.697,0.88795,0.88816,1.09,1.00
2014.06.30 01:10:48.100,0.88797,0.8882,1.37,1.77
2014.06.30 01:10:48.870,0.88797,0.88815,1.37,1.00
2014.06.30 01:10:49.532,0.88797,0.8882,1.37,1.77
2014.06.30 01:10:50.079,0.88797,0.8882,1.37,1.77
2014.06.30 01:10:50.544,0.88797,0.88815,1.37,1.00
2014.06.30 01:10:50.695,0.88796,0.88815,1.33,1.00
2014.06.30 01:10:51.280,0.88795,0.88815,1.77,1.00
2014.06.30 01:10:51.799,0.88795,0.88815,1.02,1.00
2014.06.30 01:11:05.801,0.88795,0.88815,1.29,1.00
2014.06.30 01:11:06.634,0.88797,0.88815,1.27,1.00
2014.06.30 01:11:07.170,0.88795,0.88815,1.27,1.00
2014.06.30 01:11:07.271,0.88795,0.88815,1.19,1.00
2014.06.30 01:11:07.348,0.88794,0.8881,1.29,1.00
2014.06.30 01:11:07.893,0.88793,0.8881,1.37,1.00
2014.06.30 01:11:11.561,0.88796,0.8881,1.27,1.00
2014.06.30 01:11:11.662,0.88794,0.88816,1.27,1.69
2014.06.30 01:11:11.763,0.88794,0.88816,1.19,1.69
2014.06.30 01:11:11.859,0.88793,0.8881,1.39,1.00
2014.06.30 01:11:12.735,0.88792,0.8881,1.84,1.00
2014.06.30 01:11:14.734,0.88792,0.8881,1.84,1.00
2014.06.30 01:11:15.775,0.88792,0.8881,1.34,1.00
2014.06.30 01:11:17.847,0.88794,0.8881,1.19,1.00
2014.06.30 01:11:17.948,0.88792,0.8881,1.92,1.00
2014.06.30 01:11:17.999,0.88792,0.8881,4.09,1.00
2014.06.30 01:11:18.150,0.88792,0.8881,1.37,1.00
2014.06.30 01:11:25.998,0.88794,0.8881,1.27,1.00
2014.06.30 01:11:26.049,0.88794,0.88815,1.34,1.00
2014.06.30 01:11:26.150,0.88793,0.88815,1.29,1.02
2014.06.30 01:11:27.089,0.88794,0.88815,1.19,1.10
2014.06.30 01:11:30.178,0.88794,0.88815,1.92,1.00
2014.06.30 01:11:30.685,0.88794,0.88815,1.77,1.10
2014.06.30 01:11:31.191,0.88794,0.88815,1.77,1.10
2014.06.30 01:11:33.094,0.88794,0.88815,1.29,1.10
2014.06.30 01:11:34.873,0.88794,0.88815,1.92,1.00
2014.06.30 01:11:35.397,0.88794,0.8881,1.77,1.00
2014.06.30 01:11:35.448,0.88792,0.8881,1.02,1.00
2014.06.30 01:11:44.431,0.88792,0.8881,1.77,1.00
2014.06.30 01:11:46.137,0.88795,0.88815,1.00,1.09
2014.06.30 01:11:47.556,0.88795,0.88814,1.00,1.29
2014.06.30 01:11:48.692,0.88795,0.88815,1.00,1.84
2014.06.30 01:11:50.150,0.88795,0.88816,1.19,1.15
2014.06.30 01:11:51.218,0.888,0.88816,1.00,1.15
2014.06.30 01:11:51.269,0.888,0.88816,1.00,1.00
2014.06.30 01:11:51.797,0.888,0.8882,1.00,1.40
2014.06.30 01:11:52.461,0.888,0.8882,1.19,1.15
2014.06.30 01:11:53.479,0.88799,0.8882,1.32,1.65
2014.06.30 01:11:54.710,0.88799,0.8882,1.25,1.40
2014.06.30 01:11:59.036,0.88797,0.88814,1.77,1.00
2014.06.30 01:12:00.188,0.88797,0.88814,1.29,1.00
2014.06.30 01:12:00.623,0.88797,0.8881,1.29,1.00
2014.06.30 01:12:01.233,0.88797,0.8881,1.02,1.00
2014.06.30 01:12:04.219,0.88794,0.88813,2.29,1.00
2014.06.30 01:12:04.320,0.88793,0.8881,2.89,1.00
2014.06.30 01:12:04.371,0.88793,0.8881,1.69,1.00
2014.06.30 01:12:04.421,0.88793,0.88806,1.25,1.00
2014.06.30 01:12:04.748,0.88786,0.88806,2.29,1.00
2014.06.30 01:12:06.804,0.88788,0.88806,1.37,1.00
2014.06.30 01:12:07.822,0.8879,0.88806,1.69,1.00
2014.06.30 01:12:08.150,0.88791,0.88812,1.02,1.09
2014.06.30 01:12:08.251,0.88791,0.88809,1.02,1.00
2014.06.30 01:12:08.837,0.88791,0.88809,1.29,1.00
2014.06.30 01:12:09.738,0.8879,0.88809,1.09,1.00
2014.06.30 01:12:10.727,0.8879,0.88809,1.39,1.00
2014.06.30 01:12:11.721,0.8879,0.88809,1.09,1.00
2014.06.30 01:12:13.763,0.8879,0.88809,1.84,1.00
2014.06.30 01:12:16.746,0.8879,0.88809,1.84,1.00
2014.06.30 01:12:20.751,0.88791,0.88809,1.19,1.00
2014.06.30 01:12:22.770,0.8879,0.88809,1.84,1.00
2014.06.30 01:12:24.766,0.8879,0.88809,1.84,1.00
2014.06.30 01:12:25.586,0.88792,0.88809,1.10,1.00
2014.06.30 01:12:25.637,0.88795,0.88809,1.00,1.00
2014.06.30 01:12:26.408,0.88791,0.88809,1.19,1.00
2014.06.30 01:12:27.527,0.88792,0.88809,1.44,1.00
2014.06.30 01:12:27.629,0.88793,0.88812,1.74,1.00
2014.06.30 01:12:27.730,0.88793,0.88808,1.74,1.00
2014.06.30 01:12:28.037,0.88794,0.88808,1.02,1.00
2014.06.30 01:12:28.289,0.88795,0.88814,1.78,1.00
2014.06.30 01:12:28.491,0.88793,0.8881,3.64,1.00
2014.06.30 01:12:28.543,0.88793,0.8881,1.72,1.00
2014.06.30 01:12:29.377,0.88795,0.8881,1.00,1.00
2014.06.30 01:12:32.837,0.88795,0.8881,1.19,1.00
2014.06.30 01:12:33.300,0.88792,0.8881,1.34,1.50
2014.06.30 01:12:33.452,0.88792,0.88806,1.34,1.00
2014.06.30 01:12:38.836,0.88795,0.88806,1.00,1.00
2014.06.30 01:12:40.377,0.88792,0.88806,1.34,1.00
2014.06.30 01:12:41.146,0.88795,0.88806,1.00,1.00
2014.06.30 01:12:41.677,0.88792,0.88806,1.34,1.00
2014.06.30 01:12:42.341,0.88793,0.88806,1.34,1.00
2014.06.30 01:12:43.998,0.88795,0.8881,1.25,1.00
2014.06.30 01:12:47.356,0.88794,0.8881,1.20,1.00
2014.06.30 01:12:49.193,0.88794,0.8881,1.18,1.00
2014.06.30 01:12:58.008,0.88795,0.88812,1.18,1.00
2014.06.30 01:13:10.238,0.88795,0.88812,1.02,1.00
2014.06.30 01:13:11.460,0.88795,0.88812,1.29,1.00
2014.06.30 01:13:12.482,0.88795,0.88812,1.02,1.00
2014.06.30 01:13:20.534,0.88795,0.88812,1.19,1.00
2014.06.30 01:13:21.497,0.88795,0.88812,1.25,1.00
2014.06.30 01:13:25.077,0.88793,0.8881,1.37,1.00
2014.06.30 01:13:25.365,0.88795,0.88815,1.25,1.50
2014.06.30 01:13:25.869,0.88795,0.88816,1.63,1.02
2014.06.30 01:13:31.995,0.88795,0.88818,2.07,1.40
2014.06.30 01:13:33.796,0.88795,0.88818,2.14,1.33
2014.06.30 01:13:35.860,0.88795,0.88818,2.22,1.25
2014.06.30 01:13:36.978,0.88798,0.8882,1.10,1.02
2014.06.30 01:13:40.980,0.88798,0.8882,1.02,1.29
2014.06.30 01:13:42.005,0.88798,0.8882,1.02,1.77
2014.06.30 01:13:42.987,0.88798,0.8882,1.02,1.77
2014.06.30 01:13:44.995,0.88798,0.8882,1.10,1.77
2014.06.30 01:13:48.002,0.88798,0.8882,1.10,1.29
2014.06.30 01:13:48.906,0.88798,0.8882,1.29,1.02
2014.06.30 01:13:48.957,0.88798,0.8882,1.72,1.25
2014.06.30 01:13:49.260,0.88798,0.88815,1.72,1.00
2014.06.30 01:13:49.366,0.88798,0.8882,1.72,1.25
2014.06.30 01:13:54.946,0.88799,0.8882,1.39,1.10
2014.06.30 01:13:55.769,0.88798,0.8882,1.39,1.29
2014.06.30 01:13:56.029,0.88798,0.8882,1.39,1.29
2014.06.30 01:13:56.779,0.88799,0.8882,1.57,1.10
2014.06.30 01:14:03.197,0.88801,0.8882,1.67,1.00
2014.06.30 01:14:05.923,0.888,0.8882,1.47,1.00
2014.06.30 01:14:25.568,0.88799,0.8882,1.72,1.00
2014.06.30 01:14:29.883,0.88802,0.8882,1.37,1.00
2014.06.30 01:14:30.034,0.88802,0.88825,1.37,1.77
2014.06.30 01:14:30.613,0.88804,0.88825,1.40,1.25
2014.06.30 01:14:38.389,0.88805,0.88825,1.37,1.00
2014.06.30 01:14:39.884,0.88806,0.88826,1.72,1.00
2014.06.30 01:14:40.085,0.8881,0.8883,1.50,1.69
2014.06.30 01:14:40.738,0.8881,0.8883,1.50,1.19
2014.06.30 01:14:41.266,0.8881,0.8883,1.69,1.00
2014.06.30 01:14:42.847,0.8881,0.88825,1.25,1.00
2014.06.30 01:14:43.619,0.8881,0.8883,1.69,1.00
2014.06.30 01:14:44.455,0.8881,0.8883,1.84,1.00
2014.06.30 01:14:45.893,0.8881,0.88831,1.84,1.00
2014.06.30 01:14:46.918,0.8881,0.8883,2.59,1.00
2014.06.30 01:14:53.172,0.8881,0.8883,1.69,1.00
2014.06.30 01:14:55.022,0.8881,0.88825,1.25,1.00
2014.06.30 01:14:55.793,0.8881,0.8883,1.69,1.00
2014.06.30 01:14:56.314,0.8881,0.8883,1.69,1.00
2014.06.30 01:15:03.645,0.8881,0.8883,1.77,1.00
2014.06.30 01:15:03.847,0.8881,0.88833,2.22,1.19
2014.06.30 01:15:03.898,0.8881,0.88834,2.97,1.10
2014.06.30 01:15:04.413,0.88813,0.88835,1.00,1.09
2014.06.30 01:15:04.933,0.88813,0.88835,1.19,1.09
2014.06.30 01:15:05.162,0.88813,0.88835,1.27,1.02
2014.06.30 01:15:06.025,0.88813,0.8883,1.84,1.00
2014.06.30 01:15:06.177,0.88813,0.8883,1.10,1.00
2014.06.30 01:15:06.379,0.88811,0.88834,2.29,1.19
2014.06.30 01:15:06.882,0.88814,0.88835,1.00,1.77
2014.06.30 01:15:07.084,0.88814,0.88835,1.69,1.10
2014.06.30 01:15:07.387,0.88814,0.8883,1.00,1.00
2014.06.30 01:15:07.923,0.8881,0.8883,2.59,1.00
2014.06.30 01:15:10.905,0.8881,0.88834,2.97,1.25
2014.06.30 01:15:11.007,0.88813,0.88834,1.29,1.00
2014.06.30 01:15:11.512,0.88816,0.88835,1.39,1.00
2014.06.30 01:15:11.563,0.88816,0.88838,1.39,1.02
2014.06.30 01:15:11.614,0.88818,0.88838,1.27,1.10
2014.06.30 01:15:11.926,0.88818,0.8884,1.84,1.00
2014.06.30 01:15:15.921,0.88818,0.8884,1.15,1.00
2014.06.30 01:15:16.442,0.88818,0.8884,1.18,1.00
2014.06.30 01:15:18.659,0.88818,0.8884,1.15,1.00
2014.06.30 01:15:34.319,0.88822,0.88845,1.20,1.09
2014.06.30 01:15:36.963,0.88822,0.88845,1.28,1.08
2014.06.30 01:15:37.884,0.88822,0.88845,1.28,1.00
2014.06.30 01:15:39.835,0.88822,0.88845,1.18,1.10
2014.06.30 01:15:45.696,0.88822,0.88846,1.09,2.59
2014.06.30 01:15:45.798,0.88823,0.88846,1.29,1.65
2014.06.30 01:15:46.112,0.88826,0.88846,1.67,1.00
2014.06.30 01:15:46.213,0.88829,0.8885,1.32,1.15
2014.06.30 01:15:48.011,0.8883,0.8885,1.19,1.15
2014.06.30 01:15:49.235,0.88829,0.8885,1.32,1.15
2014.06.30 01:15:53.274,0.88828,0.8885,2.07,1.40
2014.06.30 01:15:55.945,0.88828,0.8885,1.70,1.08
2014.06.30 01:15:57.182,0.88828,0.8885,2.14,1.25
2014.06.30 01:16:00.191,0.88828,0.8885,2.14,1.25
2014.06.30 01:16:02.210,0.88829,0.8885,1.39,1.00
2014.06.30 01:16:05.210,0.88829,0.8885,1.39,1.00
2014.06.30 01:16:06.805,0.88829,0.88852,2.14,1.27
2014.06.30 01:16:07.324,0.8883,0.88852,1.19,1.33
2014.06.30 01:16:08.125,0.8883,0.8885,1.19,1.00
2014.06.30 01:16:08.895,0.8883,0.88852,1.19,1.33
2014.06.30 01:16:09.380,0.8883,0.88845,1.19,1.00
2014.06.30 01:16:09.430,0.88828,0.88845,1.77,1.00
2014.06.30 01:16:12.304,0.88828,0.8885,1.27,1.25
2014.06.30 01:16:12.356,0.8883,0.8885,1.32,1.00
2014.06.30 01:16:13.382,0.8883,0.8885,1.32,1.00
2014.06.30 01:16:14.834,0.8883,0.88845,1.32,1.00
2014.06.30 01:16:15.398,0.88828,0.88845,2.14,1.00
2014.06.30 01:16:16.703,0.88828,0.8885,1.39,1.10
2014.06.30 01:16:31.044,0.88828,0.8885,1.39,1.77
2014.06.30 01:16:31.347,0.88828,0.88845,1.39,1.00
2014.06.30 01:16:31.397,0.88828,0.88845,1.02,1.00
2014.06.30 01:16:31.928,0.88824,0.88845,1.84,1.00
2014.06.30 01:16:32.938,0.88824,0.88845,1.37,1.00
2014.06.30 01:16:34.930,0.88823,0.88845,1.19,1.40
2014.06.30 01:16:37.924,0.88821,0.88845,1.19,1.15
2014.06.30 01:16:38.926,0.88823,0.88845,1.19,1.40
2014.06.30 01:16:42.937,0.88823,0.88845,1.19,1.15
2014.06.30 01:16:43.942,0.88822,0.88845,1.19,1.40
2014.06.30 01:16:46.953,0.88823,0.88845,1.19,1.40
2014.06.30 01:16:47.956,0.88822,0.88845,1.19,1.40
2014.06.30 01:16:55.123,0.88824,0.88845,1.25,1.34
2014.06.30 01:16:55.979,0.88824,0.88845,1.25,1.09
2014.06.30 01:16:59.616,0.88824,0.88844,1.00,1.29
2014.06.30 01:16:59.684,0.8882,0.88844,3.42,1.77
2014.06.30 01:17:01.594,0.88821,0.88844,1.37,1.02
2014.06.30 01:17:02.131,0.88825,0.88844,1.00,1.02
2014.06.30 01:17:07.620,0.88825,0.88849,1.69,4.02
2014.06.30 01:17:10.120,0.88825,0.88849,1.69,4.02
2014.06.30 01:17:11.080,0.88825,0.88849,1.77,1.84
2014.06.30 01:17:11.131,0.88825,0.88849,2.59,1.84
2014.06.30 01:17:11.182,0.8883,0.88849,1.00,1.84
2014.06.30 01:17:30.119,0.88826,0.88848,1.19,1.18
2014.06.30 01:17:30.371,0.88826,0.88844,1.19,1.00
2014.06.30 01:17:30.825,0.88825,0.88845,1.19,1.08
2014.06.30 01:17:31.845,0.88825,0.88845,1.69,1.08
2014.06.30 01:17:36.842,0.88824,0.88845,1.69,1.08
2014.06.30 01:17:38.834,0.88824,0.88845,1.69,1.08
2014.06.30 01:17:40.273,0.88825,0.88842,1.00,1.00
2014.06.30 01:17:40.475,0.8882,0.88842,1.69,1.08
2014.06.30 01:17:40.981,0.88825,0.88842,1.00,1.08
2014.06.30 01:17:41.570,0.8882,0.88842,1.69,1.08
2014.06.30 01:17:41.672,0.88825,0.88842,1.00,1.08
2014.06.30 01:17:41.874,0.88821,0.88842,1.19,1.08
2014.06.30 01:17:42.862,0.88821,0.88842,1.19,1.08
2014.06.30 01:17:43.850,0.8882,0.88842,1.69,1.33
2014.06.30 01:17:46.387,0.88821,0.88842,1.19,1.08
2014.06.30 01:17:46.689,0.88825,0.88842,1.00,1.00
2014.06.30 01:17:48.903,0.88825,0.88842,1.19,1.00
2014.06.30 01:17:50.909,0.88825,0.88842,1.25,1.00
2014.06.30 01:17:55.816,0.88826,0.88842,1.19,1.00
2014.06.30 01:17:56.018,0.8883,0.88848,1.13,1.02
2014.06.30 01:17:56.169,0.8883,0.8885,1.32,1.00
2014.06.30 01:17:57.026,0.8883,0.8885,1.32,1.00
2014.06.30 01:18:00.543,0.8883,0.88853,1.47,1.19
2014.06.30 01:18:00.644,0.88831,0.88854,1.19,1.39
2014.06.30 01:18:01.687,0.88831,0.88854,1.19,1.09
2014.06.30 01:18:10.768,0.8883,0.88854,2.97,1.84
2014.06.30 01:18:11.360,0.88835,0.88854,1.00,1.84
2014.06.30 01:18:11.866,0.88835,0.88856,1.00,1.34
2014.06.30 01:18:14.882,0.88834,0.88855,1.00,1.15
2014.06.30 01:18:15.152,0.8883,0.88853,1.84,1.19
2014.06.30 01:18:15.930,0.8883,0.8885,1.20,1.25
2014.06.30 01:18:17.283,0.8883,0.8885,1.39,1.00
2014.06.30 01:18:18.201,0.8883,0.8885,1.09,1.00
2014.06.30 01:18:18.734,0.8883,0.88853,1.84,1.19
2014.06.30 01:18:21.264,0.8883,0.8885,1.50,1.29
2014.06.30 01:18:21.711,0.88829,0.8885,1.19,1.02
2014.06.30 01:18:23.772,0.8883,0.88853,1.69,1.34
2014.06.30 01:18:25.785,0.8883,0.88854,1.50,2.22
2014.06.30 01:18:28.782,0.8883,0.88851,1.00,1.37
2014.06.30 01:18:30.699,0.8883,0.88851,1.00,1.37
2014.06.30 01:18:34.420,0.8883,0.88854,1.69,1.84
2014.06.30 01:18:34.672,0.8883,0.88854,1.84,1.69
2014.06.30 01:18:35.025,0.8883,0.88854,2.59,1.25
2014.06.30 01:18:35.369,0.8883,0.88854,4.77,1.25
2014.06.30 01:18:36.394,0.88834,0.88855,1.09,1.25
2014.06.30 01:18:39.802,0.88834,0.88855,1.18,1.19
2014.06.30 01:18:45.861,0.88834,0.88855,1.18,1.00
2014.06.30 01:18:50.839,0.88834,0.88855,1.18,1.19
2014.06.30 01:18:57.911,0.8883,0.88854,5.14,1.69
2014.06.30 01:18:58.113,0.8883,0.88854,2.97,1.84
2014.06.30 01:18:58.850,0.8883,0.88853,2.22,1.29
2014.06.30 01:18:59.852,0.8883,0.88853,1.84,1.29
2014.06.30 01:19:01.432,0.8883,0.88851,1.25,1.02
2014.06.30 01:19:01.482,0.88826,0.88848,1.15,1.19
2014.06.30 01:19:01.533,0.88826,0.88848,1.00,1.34
2014.06.30 01:19:01.685,0.88826,0.88845,1.00,1.19
2014.06.30 01:19:02.021,0.88822,0.88845,1.34,1.69
2014.06.30 01:19:02.614,0.88822,0.88845,1.19,1.84
2014.06.30 01:19:03.800,0.88824,0.88845,1.00,1.34
2014.06.30 01:19:04.881,0.88825,0.88846,1.00,1.29
2014.06.30 01:19:05.429,0.88824,0.88846,1.10,1.77
2014.06.30 01:19:06.280,0.88824,0.88846,1.02,1.77
2014.06.30 01:19:08.106,0.88825,0.88846,1.00,1.29
2014.06.30 01:19:10.100,0.88825,0.88846,1.19,1.10
2014.06.30 01:19:21.161,0.88827,0.88849,1.00,1.34
2014.06.30 01:19:22.346,0.88825,0.88848,1.69,1.34
2014.06.30 01:19:24.215,0.88825,0.88848,1.77,1.37
2014.06.30 01:19:30.233,0.88825,0.88848,1.77,1.02
2014.06.30 01:19:32.240,0.88825,0.88848,1.77,1.29
2014.06.30 01:19:33.244,0.88825,0.88848,1.77,1.29
2014.06.30 01:19:35.252,0.88825,0.88848,1.77,1.02
2014.06.30 01:19:36.255,0.88825,0.88848,1.77,1.29
2014.06.30 01:19:41.269,0.88825,0.88848,1.77,1.02
2014.06.30 01:19:43.318,0.88825,0.88848,1.77,1.29
2014.06.30 01:19:52.878,0.8883,0.88848,1.00,1.09
2014.06.30 01:19:53.682,0.8883,0.88848,1.00,1.25
2014.06.30 01:19:58.145,0.88825,0.88848,1.84,1.25
2014.06.30 01:19:58.716,0.88826,0.88848,1.19,1.00
2014.06.30 01:19:58.767,0.88825,0.88844,1.19,1.00
2014.06.30 01:19:58.868,0.88825,0.88846,1.19,1.00
2014.06.30 01:19:59.443,0.88825,0.88846,1.84,1.00
2014.06.30 01:20:00.437,0.88826,0.88846,1.34,1.00
2014.06.30 01:20:00.940,0.88826,0.88846,1.34,1.00
2014.06.30 01:20:01.168,0.88824,0.88846,1.77,1.02
2014.06.30 01:20:01.219,0.88824,0.88844,1.77,1.00
2014.06.30 01:20:02.140,0.88826,0.88844,1.19,1.00
2014.06.30 01:20:03.350,0.88824,0.88844,1.77,1.00
2014.06.30 01:20:04.347,0.88824,0.88844,1.77,1.00
2014.06.30 01:20:05.360,0.88824,0.88844,1.77,1.00
2014.06.30 01:20:06.371,0.88823,0.88844,1.37,1.00
2014.06.30 01:20:06.912,0.88823,0.88844,1.29,1.08
2014.06.30 01:20:07.386,0.88825,0.88844,1.27,1.00
2014.06.30 01:20:07.890,0.88825,0.88844,1.19,1.00
2014.06.30 01:20:08.434,0.88825,0.88844,1.25,1.00
2014.06.30 01:20:15.078,0.88825,0.88844,1.69,1.00
2014.06.30 01:20:15.481,0.88825,0.88847,1.69,1.09
2014.06.30 01:20:15.582,0.88826,0.88847,1.27,1.10
2014.06.30 01:20:18.141,0.88826,0.88845,1.34,1.00
2014.06.30 01:20:33.760,0.88826,0.88847,1.34,1.00
2014.06.30 01:20:36.463,0.88825,0.88847,1.77,1.10
2014.06.30 01:20:36.514,0.88825,0.88844,1.77,1.00
2014.06.30 01:20:37.739,0.88826,0.88844,1.19,1.00
2014.06.30 01:20:37.800,0.88826,0.88847,1.19,1.10
2014.06.30 01:20:37.851,0.88826,0.88845,1.19,1.00
2014.06.30 01:20:43.204,0.88826,0.88845,1.34,1.00
2014.06.30 01:20:43.440,0.88826,0.88847,1.34,1.00
2014.06.30 01:20:48.585,0.88825,0.88847,1.19,1.18
2014.06.30 01:20:48.940,0.88824,0.88844,1.29,1.00
2014.06.30 01:20:49.500,0.88825,0.88844,1.25,1.00
2014.06.30 01:20:50.586,0.88825,0.88844,1.19,1.00
2014.06.30 01:20:55.610,0.88825,0.88844,1.25,1.00
2014.06.30 01:20:57.691,0.88825,0.88844,1.19,1.00
2014.06.30 01:20:58.071,0.88829,0.88844,1.00,1.00
2014.06.30 01:20:58.292,0.88828,0.88848,1.10,1.19
2014.06.30 01:20:58.343,0.88828,0.8885,1.02,1.77
2014.06.30 01:20:58.494,0.88826,0.88846,1.34,1.00
2014.06.30 01:20:59.299,0.88825,0.88846,1.29,1.25
2014.06.30 01:21:01.587,0.88825,0.88846,2.14,1.00
2014.06.30 01:21:01.638,0.8883,0.88846,1.00,1.00
2014.06.30 01:21:01.841,0.88828,0.88849,1.00,1.34
2014.06.30 01:21:02.043,0.88825,0.88846,1.84,1.00
2014.06.30 01:21:12.329,0.88825,0.88846,1.18,1.19
2014.06.30 01:21:12.811,0.8883,0.88846,1.00,1.19
2014.06.30 01:21:13.268,0.88825,0.88846,1.15,1.19
2014.06.30 01:21:13.319,0.88825,0.88846,1.18,1.19
2014.06.30 01:21:13.375,0.88829,0.88846,1.00,1.19
2014.06.30 01:21:14.581,0.88825,0.88846,1.09,1.19
2014.06.30 01:21:15.340,0.88825,0.88846,1.09,1.25
2014.06.30 01:21:17.389,0.88825,0.88846,1.84,1.00
2014.06.30 01:21:18.434,0.88828,0.88849,1.00,1.37
2014.06.30 01:21:18.587,0.8883,0.8885,1.00,1.17
2014.06.30 01:21:18.738,0.8883,0.8885,1.00,1.02
2014.06.30 01:21:18.839,0.88828,0.88849,1.10,1.09
2014.06.30 01:21:19.426,0.88829,0.8885,1.00,1.44
2014.06.30 01:21:19.990,0.88828,0.8885,1.25,2.67
2014.06.30 01:21:23.396,0.8883,0.8885,1.00,1.92
2014.06.30 01:21:23.963,0.88828,0.8885,1.00,2.67
2014.06.30 01:21:30.089,0.8883,0.8885,1.00,1.92
2014.06.30 01:21:30.333,0.88828,0.8885,1.25,2.67
2014.06.30 01:21:39.632,0.88828,0.8885,1.33,1.69
2014.06.30 01:21:40.228,0.88828,0.8885,1.34,1.19
2014.06.30 01:21:40.912,0.88828,0.8885,1.15,1.25
2014.06.30 01:21:49.889,0.88827,0.88848,1.34,1.00
2014.06.30 01:22:00.189,0.88825,0.88848,4.02,1.25
2014.06.30 01:22:01.460,0.88825,0.88848,1.84,1.25
2014.06.30 01:22:06.432,0.88825,0.88848,1.84,1.02
2014.06.30 01:22:06.548,0.88825,0.88847,1.18,1.19
2014.06.30 01:22:06.866,0.88821,0.88844,3.27,1.19
2014.06.30 01:22:07.019,0.88821,0.8884,1.34,1.00
2014.06.30 01:22:07.965,0.8882,0.8884,1.84,1.00
2014.06.30 01:22:08.268,0.8882,0.88844,2.59,1.84
2014.06.30 01:22:08.390,0.8882,0.8884,1.84,1.00
2014.06.30 01:22:08.491,0.8882,0.88844,2.59,1.84
2014.06.30 01:22:08.592,0.88825,0.88844,1.00,1.02
2014.06.30 01:22:09.107,0.88821,0.88841,1.34,1.00
2014.06.30 01:22:10.240,0.8882,0.88841,1.29,1.25
2014.06.30 01:22:10.291,0.8882,0.8884,1.10,1.19
2014.06.30 01:22:11.078,0.88816,0.88836,1.34,1.00
2014.06.30 01:22:11.814,0.88815,0.88835,3.64,1.00
2014.06.30 01:22:15.746,0.88817,0.88835,3.27,1.00
2014.06.30 01:22:15.898,0.88821,0.8884,1.77,1.00
2014.06.30 01:22:15.949,0.88822,0.88845,1.39,1.77
2014.06.30 01:22:16.000,0.88823,0.88845,1.57,1.02
2014.06.30 01:22:16.589,0.88823,0.88845,1.29,1.02
2014.06.30 01:22:17.120,0.88822,0.88845,1.09,1.02
2014.06.30 01:22:17.981,0.88822,0.88845,1.37,1.77
2014.06.30 01:22:20.712,0.88822,0.8884,1.37,1.00
2014.06.30 01:22:21.626,0.8882,0.88842,1.84,1.00
2014.06.30 01:22:21.991,0.88822,0.88845,1.09,1.02
2014.06.30 01:22:22.692,0.88822,0.88845,1.40,1.25
2014.06.30 01:22:27.004,0.88822,0.88845,1.84,1.19
2014.06.30 01:22:30.010,0.88823,0.88845,1.34,1.25
2014.06.30 01:22:32.016,0.88822,0.88845,1.84,1.19
2014.06.30 01:22:32.498,0.88822,0.88845,1.84,1.29
2014.06.30 01:22:41.141,0.88822,0.88844,1.09,1.19
2014.06.30 01:22:42.403,0.88822,0.8884,1.09,1.00
2014.06.30 01:22:45.010,0.88822,0.88843,1.18,1.19
2014.06.30 01:22:45.559,0.88822,0.88845,1.18,1.77
2014.06.30 01:22:46.159,0.88822,0.88843,1.18,1.19
2014.06.30 01:22:47.399,0.8882,0.88842,1.77,1.02
2014.06.30 01:22:50.070,0.88825,0.88842,1.00,1.02
2014.06.30 01:22:50.288,0.8882,0.88842,1.29,1.02
2014.06.30 01:22:50.520,0.88825,0.88842,1.00,1.02
2014.06.30 01:22:50.948,0.8882,0.88842,1.29,1.02
2014.06.30 01:22:53.748,0.8882,0.88842,1.77,1.09
2014.06.30 01:22:54.276,0.8882,0.88842,1.77,1.84
2014.06.30 01:22:54.639,0.8882,0.88838,1.77,1.18
2014.06.30 01:22:55.180,0.88819,0.88838,1.10,1.18
2014.06.30 01:22:55.683,0.88817,0.88838,1.29,1.18
2014.06.30 01:22:56.211,0.88817,0.88838,1.10,1.37
2014.06.30 01:22:57.036,0.88816,0.88838,1.20,1.84
2014.06.30 01:22:57.460,0.88819,0.88838,1.10,1.18
2014.06.30 01:22:57.664,0.88817,0.88838,1.02,1.18
2014.06.30 01:22:59.962,0.88817,0.88838,1.10,1.84
2014.06.30 01:23:01.974,0.88817,0.88838,1.10,1.84
2014.06.30 01:23:02.622,0.8882,0.88838,1.10,1.84
2014.06.30 01:23:03.285,0.88818,0.88838,1.10,1.09
2014.06.30 01:23:03.690,0.88815,0.88837,1.48,1.84
2014.06.30 01:23:03.740,0.88815,0.88837,1.38,1.92
2014.06.30 01:23:04.969,0.88815,0.88834,1.38,1.29
2014.06.30 01:23:05.272,0.8881,0.88831,2.52,1.40
2014.06.30 01:23:05.323,0.8881,0.88831,1.77,1.40
2014.06.30 01:23:05.424,0.8881,0.88825,1.25,1.00
2014.06.30 01:23:05.626,0.88807,0.88828,1.29,1.15
2014.06.30 01:23:06.458,0.88806,0.88824,1.19,1.00
2014.06.30 01:23:06.999,0.88806,0.88824,1.19,1.00
2014.06.30 01:23:07.517,0.88805,0.88824,1.69,1.00
2014.06.30 01:23:08.470,0.88805,0.88824,1.25,1.00
2014.06.30 01:23:08.548,0.88809,0.88824,1.00,1.00
2014.06.30 01:23:08.878,0.88805,0.88824,1.25,1.00
2014.06.30 01:23:11.847,0.88803,0.88824,1.77,1.00
2014.06.30 01:23:21.120,0.88805,0.88824,1.00,1.25
2014.06.30 01:23:21.628,0.88806,0.88824,1.10,1.00
2014.06.30 01:23:22.577,0.88806,0.88828,1.20,1.77
2014.06.30 01:23:23.544,0.88806,0.88828,1.39,1.77
2014.06.30 01:23:24.677,0.88807,0.88828,1.10,1.77
2014.06.30 01:23:24.728,0.88807,0.88828,2.14,1.10
2014.06.30 01:23:25.710,0.88807,0.88828,2.14,1.10
2014.06.30 01:23:27.532,0.88807,0.88828,1.20,1.29
2014.06.30 01:23:28.854,0.88806,0.88826,1.10,1.19
2014.06.30 01:23:29.374,0.88802,0.88824,1.84,1.10
2014.06.30 01:23:29.475,0.88805,0.88824,1.19,1.10
2014.06.30 01:23:31.260,0.88806,0.88824,1.77,1.10
2014.06.30 01:23:31.411,0.88808,0.88828,1.02,1.18
2014.06.30 01:23:31.575,0.88808,0.88828,1.77,1.18
2014.06.30 01:23:32.565,0.88808,0.88828,1.77,1.18
2014.06.30 01:23:34.497,0.88805,0.88828,1.77,1.15
2014.06.30 01:23:35.036,0.88805,0.88828,1.19,1.84
2014.06.30 01:23:35.357,0.88805,0.88824,1.19,1.15
2014.06.30 01:23:35.693,0.88795,0.88811,1.10,1.20
2014.06.30 01:23:35.894,0.8879,0.88808,1.00,1.10
2014.06.30 01:23:36.159,0.8879,0.8881,1.00,1.25
2014.06.30 01:23:36.310,0.8879,0.8881,1.00,1.33
2014.06.30 01:23:36.809,0.88792,0.8881,1.02,1.15
2014.06.30 01:23:36.860,0.88795,0.88812,1.00,1.10
2014.06.30 01:23:37.956,0.88793,0.8881,1.19,1.00
2014.06.30 01:23:38.007,0.88791,0.8881,1.77,1.00
2014.06.30 01:23:41.547,0.88791,0.8881,2.14,1.00
2014.06.30 01:23:41.648,0.88792,0.88814,1.39,1.37
2014.06.30 01:23:41.825,0.88793,0.88814,1.32,1.10
2014.06.30 01:23:45.567,0.88794,0.88815,1.25,1.25
2014.06.30 01:23:46.112,0.88793,0.88814,1.32,1.00
2014.06.30 01:23:46.457,0.88796,0.88818,1.10,1.34
2014.06.30 01:23:47.130,0.88795,0.88818,1.32,1.34
2014.06.30 01:23:47.641,0.88795,0.88818,2.07,1.34
2014.06.30 01:23:50.418,0.88795,0.88818,2.07,1.34
2014.06.30 01:23:52.423,0.88795,0.88818,2.07,1.34
2014.06.30 01:24:00.187,0.88796,0.88818,1.77,1.15
2014.06.30 01:24:01.195,0.88796,0.88818,1.19,1.40
2014.06.30 01:24:01.754,0.88796,0.88814,1.19,1.00
2014.06.30 01:24:02.706,0.88795,0.88814,2.89,1.00
2014.06.30 01:24:02.961,0.88795,0.88818,2.89,1.34
2014.06.30 01:24:03.554,0.88795,0.88818,2.89,1.40
2014.06.30 01:24:05.776,0.88795,0.88814,2.07,1.10
2014.06.30 01:24:06.253,0.88795,0.88812,1.32,1.10
2014.06.30 01:24:06.355,0.88795,0.88814,1.13,1.10
2014.06.30 01:24:06.900,0.888,0.88814,1.00,1.10
2014.06.30 01:24:08.636,0.88799,0.88817,1.00,1.28
2014.06.30 01:24:09.176,0.888,0.88815,1.00,1.10
2014.06.30 01:24:13.026,0.88795,0.88815,1.19,1.10
2014.06.30 01:24:14.296,0.88795,0.88815,1.25,1.10
2014.06.30 01:24:15.365,0.88795,0.88815,1.19,1.10
2014.06.30 01:24:17.386,0.88795,0.88815,1.25,1.10
2014.06.30 01:24:18.273,0.88795,0.88815,1.19,1.10
2014.06.30 01:24:18.445,0.88795,0.8881,1.19,1.10
2014.06.30 01:24:18.748,0.88793,0.88808,1.19,1.10
2014.06.30 01:24:19.303,0.88794,0.88807,1.00,1.10
2014.06.30 01:24:19.379,0.8879,0.88807,1.69,1.10
2014.06.30 01:24:20.286,0.8879,0.88807,1.00,1.10
2014.06.30 01:24:21.296,0.88795,0.88807,1.00,1.10
2014.06.30 01:24:21.398,0.88795,0.8881,1.00,1.65
2014.06.30 01:24:23.533,0.88795,0.88813,1.00,1.02
2014.06.30 01:24:23.584,0.88795,0.88813,1.38,1.02
2014.06.30 01:24:23.736,0.88795,0.88817,1.67,1.09
2014.06.30 01:24:24.235,0.88797,0.88817,1.38,1.09
2014.06.30 01:24:24.336,0.888,0.88823,1.29,1.18
2014.06.30 01:24:24.847,0.88801,0.88822,1.19,1.20
2014.06.30 01:24:25.356,0.88801,0.88821,1.19,1.10
2014.06.30 01:24:25.831,0.88805,0.88821,1.00,1.10
2014.06.30 01:24:25.932,0.88805,0.88823,1.63,1.00
2014.06.30 01:24:25.983,0.88805,0.88825,1.63,1.02
2014.06.30 01:24:26.235,0.88801,0.88824,1.47,1.19
2014.06.30 01:24:26.768,0.88803,0.88822,1.25,1.20
2014.06.30 01:24:27.425,0.88803,0.88822,1.19,1.20
2014.06.30 01:24:28.558,0.88805,0.88824,1.00,1.25
2014.06.30 01:24:29.440,0.88805,0.8882,1.00,1.10
2014.06.30 01:24:29.536,0.88805,0.88823,1.00,1.28
2014.06.30 01:24:30.442,0.88805,0.88823,1.00,1.20
2014.06.30 01:24:34.156,0.88805,0.88822,1.00,1.10
2014.06.30 01:24:36.145,0.88805,0.8882,1.25,1.10
2014.06.30 01:24:40.569,0.888,0.88818,1.69,1.10
2014.06.30 01:24:40.670,0.888,0.88818,1.25,1.10
2014.06.30 01:24:40.771,0.888,0.88816,1.25,1.10
2014.06.30 01:24:41.064,0.88799,0.88818,1.29,1.10
2014.06.30 01:24:41.913,0.88796,0.88818,1.27,1.77
2014.06.30 01:24:42.065,0.88796,0.88816,1.27,1.10
2014.06.30 01:24:42.650,0.88796,0.88816,1.29,1.10
2014.06.30 01:24:42.969,0.88795,0.88811,1.77,1.10
2014.06.30 01:24:43.183,0.88795,0.88814,1.27,1.10
2014.06.30 01:24:45.676,0.88795,0.88811,1.27,1.10
2014.06.30 01:24:46.882,0.88795,0.88811,1.27,1.10
2014.06.30 01:24:47.132,0.88795,0.88813,1.39,1.10
2014.06.30 01:24:47.183,0.888,0.88813,1.00,1.10
2014.06.30 01:24:47.804,0.888,0.88815,1.00,1.10
2014.06.30 01:24:47.905,0.888,0.88812,1.00,1.10
2014.06.30 01:24:48.758,0.888,0.88814,1.00,1.10
2014.06.30 01:24:49.344,0.888,0.88815,1.00,1.10
2014.06.30 01:24:50.438,0.88799,0.88814,1.19,1.10
2014.06.30 01:24:50.597,0.88798,0.88814,1.25,1.10
2014.06.30 01:24:50.748,0.88796,0.8881,1.29,1.10
2014.06.30 01:24:51.418,0.88796,0.88811,1.29,1.10
2014.06.30 01:24:53.350,0.888,0.88811,1.00,1.10
2014.06.30 01:24:53.401,0.888,0.88814,1.00,1.10
2014.06.30 01:24:53.503,0.88796,0.88811,1.29,1.10
2014.06.30 01:24:53.708,0.88796,0.88813,1.29,1.10
2014.06.30 01:24:53.859,0.88796,0.88809,1.29,1.10
2014.06.30 01:24:55.620,0.88795,0.88809,1.77,1.10
2014.06.30 01:24:59.631,0.88795,0.88809,1.77,1.10
2014.06.30 01:25:01.555,0.888,0.88809,1.00,1.10
2014.06.30 01:25:01.845,0.888,0.88814,1.00,1.10
2014.06.30 01:25:04.816,0.888,0.88816,1.00,1.10
2014.06.30 01:25:05.915,0.888,0.88817,1.00,1.10
2014.06.30 01:25:16.479,0.888,0.88818,1.00,1.20
2014.06.30 01:25:17.594,0.88798,0.88818,1.19,1.20
2014.06.30 01:25:17.695,0.88798,0.88815,1.19,1.10
2014.06.30 01:25:18.025,0.88797,0.88813,1.19,1.10
2014.06.30 01:25:18.177,0.88795,0.88813,1.27,1.10
2014.06.30 01:25:20.164,0.88795,0.88813,1.25,1.10
2014.06.30 01:25:21.166,0.88794,0.88813,2.44,1.10
2014.06.30 01:25:22.730,0.88795,0.88814,1.19,1.10
2014.06.30 01:25:23.275,0.88793,0.88814,1.29,1.58
2014.06.30 01:25:27.036,0.88795,0.88816,1.25,1.92
2014.06.30 01:25:29.177,0.88795,0.88815,1.09,1.10
2014.06.30 01:25:40.286,0.88796,0.88815,1.29,1.10
2014.06.30 01:25:46.304,0.88796,0.88815,1.02,1.10
2014.06.30 01:25:48.564,0.888,0.88815,1.00,1.10
2014.06.30 01:25:48.894,0.88796,0.88815,1.02,1.10
2014.06.30 01:25:49.369,0.888,0.88814,1.00,1.10
2014.06.30 01:25:49.684,0.888,0.88816,1.00,1.10
2014.06.30 01:25:50.104,0.88796,0.88816,1.25,1.10
2014.06.30 01:25:51.318,0.88796,0.88816,1.69,1.10
2014.06.30 01:25:51.738,0.888,0.88816,1.00,1.10
2014.06.30 01:25:52.264,0.88805,0.88816,1.00,1.10
2014.06.30 01:25:53.844,0.888,0.88816,1.50,1.10
2014.06.30 01:25:56.043,0.88804,0.88816,1.00,1.10
2014.06.30 01:25:56.145,0.88804,0.88818,1.00,1.10
2014.06.30 01:25:56.704,0.88805,0.88818,1.00,1.10
2014.06.30 01:26:04.300,0.88805,0.88819,1.00,1.10
2014.06.30 01:26:04.819,0.88805,0.88818,1.00,1.10
2014.06.30 01:26:05.081,0.888,0.88816,1.50,1.10
2014.06.30 01:26:05.285,0.88805,0.88816,1.00,1.10
2014.06.30 01:26:07.925,0.88805,0.88818,1.00,1.10
2014.06.30 01:26:08.026,0.88805,0.88823,1.00,1.10
2014.06.30 01:26:08.178,0.88805,0.88818,1.00,1.10
2014.06.30 01:26:10.342,0.88805,0.8882,1.00,1.02
2014.06.30 01:26:11.104,0.88805,0.88818,1.00,1.10
2014.06.30 01:26:12.469,0.8881,0.8882,1.00,1.00
2014.06.30 01:26:13.030,0.8881,0.88821,1.00,1.20
2014.06.30 01:26:13.898,0.88805,0.8882,1.00,1.10
2014.06.30 01:26:14.454,0.88805,0.88821,1.00,1.20
2014.06.30 01:26:16.295,0.88805,0.88818,1.00,1.10
2014.06.30 01:26:19.271,0.88805,0.8882,1.00,1.77
2014.06.30 01:26:36.219,0.88805,0.88819,1.00,1.10
2014.06.30 01:26:40.772,0.88804,0.88819,1.00,1.10
2014.06.30 01:27:07.393,0.888,0.88819,1.00,1.10
2014.06.30 01:27:07.444,0.888,0.88817,1.00,1.10
2014.06.30 01:27:07.836,0.88805,0.88819,1.00,1.02
2014.06.30 01:27:14.342,0.88805,0.88817,1.00,1.10
2014.06.30 01:27:23.154,0.88805,0.88822,1.00,1.84
2014.06.30 01:27:23.205,0.88805,0.88822,1.00,1.09
2014.06.30 01:27:24.164,0.88805,0.88823,1.00,1.84
2014.06.30 01:27:25.103,0.88799,0.88823,3.79,1.84
2014.06.30 01:27:25.254,0.888,0.88824,2.22,2.59
2014.06.30 01:27:25.585,0.888,0.8882,2.22,1.00
2014.06.30 01:27:25.873,0.888,0.88824,2.97,2.59
2014.06.30 01:27:26.075,0.888,0.88824,2.97,2.59
2014.06.30 01:27:26.378,0.88807,0.8882,1.00,1.38
2014.06.30 01:27:26.479,0.88801,0.8882,1.10,2.14
2014.06.30 01:27:26.580,0.88798,0.8882,1.77,2.22
2014.06.30 01:27:27.454,0.88798,0.8882,1.77,1.02
2014.06.30 01:27:30.153,0.88798,0.8882,1.84,1.25
2014.06.30 01:27:30.321,0.88798,0.88816,1.84,1.00
2014.06.30 01:27:30.828,0.88798,0.88815,1.15,1.00
2014.06.30 01:27:31.904,0.88796,0.88815,1.37,1.00
2014.06.30 01:27:34.453,0.88796,0.88818,1.37,1.25
2014.06.30 01:27:35.504,0.88796,0.88818,1.37,1.25
2014.06.30 01:27:38.514,0.88796,0.88818,1.37,1.00
2014.06.30 01:27:40.520,0.88796,0.88818,1.37,1.25
2014.06.30 01:27:42.527,0.88797,0.88818,1.29,1.00
2014.06.30 01:27:43.529,0.88795,0.88818,2.67,1.00
2014.06.30 01:27:50.597,0.88795,0.88818,4.84,1.00
2014.06.30 01:27:55.797,0.888,0.88818,1.29,1.00
2014.06.30 01:27:56.100,0.888,0.8882,1.34,1.00
2014.06.30 01:28:01.879,0.88802,0.88825,1.40,1.69
2014.06.30 01:28:02.413,0.88803,0.88825,1.37,1.25
2014.06.30 01:28:03.403,0.88807,0.88825,1.00,1.25
2014.06.30 01:28:06.163,0.88807,0.88828,1.20,1.19
2014.06.30 01:28:09.710,0.88807,0.88829,1.09,1.19
2014.06.30 01:28:10.580,0.8881,0.88829,1.00,1.19
2014.06.30 01:28:11.161,0.8881,0.8883,1.00,1.77
2014.06.30 01:28:11.372,0.88808,0.8883,1.25,1.77
2014.06.30 01:28:12.186,0.88808,0.88829,1.00,1.19
2014.06.30 01:28:15.061,0.8881,0.88829,1.00,1.19
2014.06.30 01:28:15.682,0.8881,0.88829,1.00,1.19
2014.06.30 01:28:16.240,0.8881,0.88831,1.00,1.77
2014.06.30 01:28:16.544,0.8881,0.88831,1.00,1.84
2014.06.30 01:28:16.649,0.88808,0.88825,1.00,1.00
2014.06.30 01:28:16.750,0.88805,0.88825,1.10,1.19
2014.06.30 01:28:16.851,0.88805,0.88826,1.10,1.13
2014.06.30 01:28:17.002,0.88806,0.8883,2.67,2.52
2014.06.30 01:28:17.330,0.8881,0.8883,1.00,1.77
2014.06.30 01:28:18.809,0.8881,0.88825,1.00,1.00
2014.06.30 01:28:19.061,0.88805,0.88825,1.58,1.00
2014.06.30 01:28:20.781,0.88805,0.88826,1.10,1.32
2014.06.30 01:28:21.035,0.88806,0.88829,1.92,1.19
2014.06.30 01:28:21.551,0.8881,0.88829,1.18,1.19
2014.06.30 01:28:21.947,0.8881,0.8883,1.18,1.69
2014.06.30 01:28:22.559,0.8881,0.88826,1.18,1.00
2014.06.30 01:28:24.630,0.88806,0.88825,3.27,1.00
2014.06.30 01:28:25.291,0.88806,0.88828,3.27,1.77
2014.06.30 01:28:25.972,0.88806,0.88828,1.37,1.29
2014.06.30 01:28:27.939,0.88806,0.88828,1.37,1.02
2014.06.30 01:28:31.011,0.88806,0.88825,1.37,1.00
2014.06.30 01:28:32.705,0.8881,0.88825,1.00,1.58
2014.06.30 01:28:32.883,0.88806,0.88825,1.84,1.58
2014.06.30 01:28:39.580,0.88806,0.88825,1.25,1.58
2014.06.30 01:28:39.630,0.88804,0.8882,1.37,1.00
2014.06.30 01:28:39.731,0.88803,0.88825,1.34,1.77
2014.06.30 01:28:39.782,0.88803,0.88823,1.34,1.10
2014.06.30 01:28:40.085,0.88803,0.88821,1.34,1.00
2014.06.30 01:28:40.634,0.88803,0.8882,1.34,1.00
2014.06.30 01:28:42.562,0.88803,0.88825,1.34,1.58
2014.06.30 01:28:44.930,0.88804,0.88823,1.37,1.10
2014.06.30 01:28:46.042,0.88803,0.88823,1.72,1.10
2014.06.30 01:28:46.143,0.88805,0.88825,1.39,1.58
2014.06.30 01:28:46.307,0.88804,0.8882,2.22,1.00
2014.06.30 01:28:46.763,0.88802,0.8882,1.37,1.00
2014.06.30 01:28:47.701,0.88803,0.8882,1.29,1.00
2014.06.30 01:28:51.617,0.88802,0.88825,1.84,1.02
2014.06.30 01:28:52.756,0.88802,0.88825,1.84,1.29
2014.06.30 01:28:53.743,0.88803,0.88825,1.29,1.02
2014.06.30 01:28:54.723,0.88803,0.88825,1.29,1.02
2014.06.30 01:28:54.824,0.88803,0.8882,1.29,1.00
2014.06.30 01:29:04.758,0.88802,0.8882,1.84,1.00
2014.06.30 01:29:05.499,0.88802,0.88825,1.84,1.10
2014.06.30 01:29:08.772,0.88803,0.88825,1.29,1.02
2014.06.30 01:29:08.861,0.88803,0.8882,1.29,1.00
2014.06.30 01:29:09.832,0.88802,0.8882,1.84,1.00
2014.06.30 01:29:09.883,0.88802,0.88825,1.84,1.29
2014.06.30 01:29:09.984,0.88802,0.8882,1.84,1.00
2014.06.30 01:29:10.643,0.88802,0.88825,1.84,1.29
2014.06.30 01:29:13.371,0.88802,0.8882,1.84,1.00
2014.06.30 01:29:13.912,0.888,0.8882,1.19,1.00
2014.06.30 01:29:14.428,0.88802,0.8882,1.00,1.00
2014.06.30 01:29:20.552,0.88802,0.88823,1.00,1.37
2014.06.30 01:29:21.240,0.88802,0.88824,1.00,1.92
2014.06.30 01:29:22.802,0.88802,0.88823,1.00,1.37
2014.06.30 01:29:25.825,0.88802,0.88823,1.00,1.37
2014.06.30 01:29:26.829,0.88802,0.88823,1.00,1.37
2014.06.30 01:29:27.834,0.88802,0.88823,1.00,1.37
2014.06.30 01:29:30.310,0.88802,0.8882,1.00,1.00
2014.06.30 01:29:30.853,0.88799,0.8882,1.29,1.00
2014.06.30 01:29:31.857,0.88798,0.8882,1.84,1.00
2014.06.30 01:29:32.978,0.88801,0.8882,1.00,1.00
2014.06.30 01:29:35.376,0.88801,0.88822,1.00,1.29
2014.06.30 01:29:38.119,0.88801,0.8882,1.00,1.00
2014.06.30 01:29:39.549,0.88801,0.88822,1.00,1.29
2014.06.30 01:29:40.063,0.88801,0.8882,1.00,1.00
2014.06.30 01:29:40.596,0.88801,0.88821,1.00,1.25
2014.06.30 01:29:42.082,0.88801,0.8882,1.25,1.00
2014.06.30 01:29:42.610,0.88801,0.8882,1.25,1.08
2014.06.30 01:29:44.116,0.88801,0.8882,1.00,1.00
2014.06.30 01:29:48.362,0.88801,0.88821,1.00,3.00
2014.06.30 01:29:48.696,0.88795,0.8881,1.19,1.00
2014.06.30 01:29:48.898,0.88801,0.88816,1.00,1.00
2014.06.30 01:29:49.150,0.88796,0.8881,1.33,1.00
2014.06.30 01:29:49.352,0.88795,0.88815,1.00,1.25
2014.06.30 01:29:49.557,0.88793,0.8881,1.37,1.00
2014.06.30 01:29:50.876,0.88793,0.88809,1.00,1.10
2014.06.30 01:29:51.333,0.88787,0.88806,1.00,1.25
2014.06.30 01:29:51.876,0.88787,0.88805,1.00,1.00
2014.06.30 01:29:56.589,0.88787,0.88807,1.00,1.29
2014.06.30 01:30:01.410,0.88787,0.88807,1.00,1.02
2014.06.30 01:30:07.435,0.88787,0.88807,1.00,1.77
2014.06.30 01:30:08.418,0.88787,0.88807,1.00,1.02
2014.06.30 01:30:09.790,0.88787,0.88805,1.00,1.00
2014.06.30 01:30:14.763,0.88785,0.88805,1.02,1.00
2014.06.30 01:30:15.413,0.88785,0.88805,1.29,1.00
2014.06.30 01:30:16.391,0.88785,0.88807,1.77,1.09
2014.06.30 01:30:16.611,0.88785,0.88805,1.02,1.00
2014.06.30 01:30:21.560,0.88785,0.88806,1.02,1.25
2014.06.30 01:30:23.957,0.88785,0.88806,1.10,1.33
2014.06.30 01:30:24.503,0.88785,0.88806,1.00,1.40
2014.06.30 01:30:44.219,0.88785,0.88805,1.25,1.02
2014.06.30 01:30:44.861,0.88782,0.88805,1.37,1.77
2014.06.30 01:30:45.576,0.88782,0.88805,1.37,1.77
2014.06.30 01:30:46.601,0.88782,0.88805,1.37,1.77
2014.06.30 01:30:48.885,0.88782,0.88805,1.37,1.77
2014.06.30 01:30:50.491,0.88782,0.88805,1.37,1.77
2014.06.30 01:30:56.060,0.88782,0.88805,1.74,1.77
2014.06.30 01:30:56.274,0.88785,0.88805,1.84,1.00
2014.06.30 01:30:58.245,0.88785,0.88805,1.00,1.02
2014.06.30 01:31:00.902,0.88783,0.88805,1.29,1.02
2014.06.30 01:31:01.416,0.88783,0.88805,1.77,1.02
2014.06.30 01:31:02.230,0.88783,0.88805,1.77,1.02
2014.06.30 01:31:04.038,0.88783,0.88803,1.10,1.19
2014.06.30 01:31:04.556,0.88783,0.888,1.00,1.19
2014.06.30 01:31:04.758,0.8878,0.888,1.25,1.18
2014.06.30 01:31:05.060,0.8878,0.88803,1.02,1.09
2014.06.30 01:31:06.178,0.8878,0.88802,1.02,1.29
2014.06.30 01:31:06.796,0.8878,0.88802,1.02,1.67
2014.06.30 01:31:06.852,0.8878,0.888,1.10,1.32
2014.06.30 01:31:07.874,0.88779,0.888,1.18,2.07
2014.06.30 01:31:09.473,0.88779,0.888,1.00,2.22
2014.06.30 01:31:09.864,0.88779,0.88798,1.00,1.19
2014.06.30 01:31:10.286,0.88779,0.88796,1.00,1.67
2014.06.30 01:31:10.387,0.88775,0.88796,1.00,1.67
2014.06.30 01:31:10.539,0.88773,0.8879,1.37,1.00
2014.06.30 01:31:12.293,0.8877,0.8879,1.65,1.32
2014.06.30 01:31:12.395,0.88767,0.88785,1.00,1.09
2014.06.30 01:31:12.496,0.88763,0.88786,1.02,1.27
2014.06.30 01:31:12.597,0.88767,0.88784,1.00,1.19
2014.06.30 01:31:12.698,0.88763,0.8878,1.10,1.57
2014.06.30 01:31:12.799,0.88757,0.88778,1.15,1.19
2014.06.30 01:31:13.598,0.88757,0.8878,1.84,1.25
2014.06.30 01:31:13.699,0.8876,0.88781,1.08,1.69
2014.06.30 01:31:14.002,0.88763,0.88783,1.00,1.19
2014.06.30 01:31:14.522,0.8876,0.88783,1.34,1.69
2014.06.30 01:31:15.343,0.8876,0.88783,1.34,3.27
2014.06.30 01:31:15.444,0.88759,0.88775,1.00,1.00
2014.06.30 01:31:15.545,0.88755,0.88775,1.77,1.00
2014.06.30 01:31:15.932,0.8876,0.88779,1.00,1.73
2014.06.30 01:31:15.986,0.8876,0.88779,1.00,1.58
2014.06.30 01:31:16.137,0.88761,0.88775,1.00,1.00
2014.06.30 01:31:16.238,0.88758,0.88775,1.00,1.00
2014.06.30 01:31:16.389,0.8876,0.88778,1.00,1.34
2014.06.30 01:31:16.541,0.8876,0.88779,1.00,1.02
2014.06.30 01:31:16.592,0.88757,0.88775,1.84,1.00
2014.06.30 01:31:16.894,0.8876,0.88778,1.00,1.09
2014.06.30 01:31:17.075,0.8876,0.88781,1.00,1.37
2014.06.30 01:31:17.582,0.8876,0.88781,1.18,1.19
2014.06.30 01:31:17.940,0.8876,0.88782,1.09,1.69
2014.06.30 01:31:19.110,0.88765,0.88782,1.00,1.19
2014.06.30 01:31:19.640,0.88764,0.88782,1.00,1.00
2014.06.30 01:31:20.173,0.88765,0.88786,1.25,1.40
2014.06.30 01:31:20.526,0.88766,0.88788,1.00,1.34
2014.06.30 01:31:21.079,0.8877,0.88786,1.00,1.02
2014.06.30 01:31:21.231,0.8877,0.8879,1.00,1.29
2014.06.30 01:31:21.738,0.8877,0.8879,1.08,1.19
2014.06.30 01:31:21.839,0.8877,0.88792,1.18,1.19
2014.06.30 01:31:23.062,0.8877,0.88788,1.18,1.00
2014.06.30 01:31:23.170,0.8877,0.88792,1.18,1.19
2014.06.30 01:31:25.240,0.88769,0.88791,1.40,1.19
2014.06.30 01:31:25.930,0.88769,0.88791,1.25,1.19
2014.06.30 01:31:26.340,0.88771,0.88792,1.00,1.39
2014.06.30 01:31:29.301,0.88771,0.88792,1.38,1.39
2014.06.30 01:31:29.611,0.88775,0.88793,1.00,1.19
2014.06.30 01:31:29.822,0.88771,0.88793,2.14,1.19
2014.06.30 01:31:30.224,0.88775,0.88793,1.00,1.19
2014.06.30 01:31:30.569,0.88775,0.88795,1.00,1.84
2014.06.30 01:31:34.581,0.88775,0.88794,1.00,1.19
2014.06.30 01:31:37.592,0.88775,0.88797,1.00,1.84
2014.06.30 01:31:43.616,0.88775,0.88796,1.00,1.29
2014.06.30 01:31:44.648,0.88775,0.88794,1.00,1.19
2014.06.30 01:31:52.656,0.88775,0.88796,1.00,1.29
2014.06.30 01:31:55.648,0.88775,0.88796,1.00,1.37
2014.06.30 01:31:56.803,0.88775,0.88796,1.38,1.37
2014.06.30 01:31:57.124,0.88777,0.88799,1.25,1.34
2014.06.30 01:31:57.378,0.88775,0.88797,1.58,1.84
2014.06.30 01:31:59.278,0.88773,0.88795,1.29,1.25
2014.06.30 01:31:59.379,0.88773,0.88795,1.02,1.69
2014.06.30 01:32:01.366,0.88773,0.88795,1.02,1.69
2014.06.30 01:32:01.723,0.88775,0.88795,1.00,1.19
2014.06.30 01:32:02.401,0.88775,0.88794,1.00,1.19
2014.06.30 01:32:02.713,0.88774,0.8879,1.10,1.10
2014.06.30 01:32:03.602,0.88775,0.88794,1.00,1.37
2014.06.30 01:32:04.452,0.88776,0.88794,1.10,1.19
2014.06.30 01:32:05.578,0.88776,0.88794,1.10,1.37
2014.06.30 01:32:09.188,0.88775,0.88793,1.58,1.29
2014.06.30 01:32:11.585,0.88775,0.88793,1.58,1.29
2014.06.30 01:32:12.527,0.88773,0.8879,1.00,1.00
2014.06.30 01:32:12.628,0.88772,0.88789,1.10,1.29
2014.06.30 01:32:13.294,0.88772,0.88786,1.10,1.19
2014.06.30 01:32:13.395,0.8877,0.88786,1.58,1.19
2014.06.30 01:32:13.597,0.88766,0.88784,1.58,1.19
2014.06.30 01:32:14.599,0.88766,0.88785,1.58,1.34
2014.06.30 01:32:15.600,0.88766,0.88784,1.58,1.37
2014.06.30 01:32:16.103,0.88766,0.88781,1.58,1.32
2014.06.30 01:32:16.255,0.88762,0.8878,1.10,1.29
2014.06.30 01:32:16.406,0.88761,0.88779,1.10,1.19
2014.06.30 01:32:20.848,0.8876,0.88779,1.58,1.19
2014.06.30 01:32:21.218,0.8876,0.88776,1.58,1.19
2014.06.30 01:32:21.419,0.88755,0.88774,1.00,1.72
2014.06.30 01:32:21.470,0.88755,0.88774,1.00,3.64
2014.06.30 01:32:21.621,0.8875,0.8877,1.00,1.58
2014.06.30 01:32:21.672,0.8875,0.88769,1.00,1.08
2014.06.30 01:32:21.874,0.88745,0.88765,2.52,1.00
2014.06.30 01:32:22.123,0.88745,0.88765,2.33,1.69
2014.06.30 01:32:22.626,0.88745,0.88765,1.00,2.59
2014.06.30 01:32:23.089,0.88749,0.88765,1.00,1.84
2014.06.30 01:32:23.529,0.88749,0.88766,1.00,1.19
2014.06.30 01:32:23.580,0.88749,0.88766,1.00,1.69
2014.06.30 01:32:23.684,0.88747,0.88765,1.00,2.22
2014.06.30 01:32:23.736,0.88745,0.88762,1.00,1.57
2014.06.30 01:32:24.039,0.8875,0.88763,1.00,1.19
2014.06.30 01:32:24.877,0.8875,0.88766,1.00,1.34
2014.06.30 01:32:25.399,0.88745,0.88766,1.65,1.19
2014.06.30 01:32:25.906,0.88745,0.88766,1.65,1.19
2014.06.30 01:32:28.848,0.88745,0.88766,1.65,1.19
2014.06.30 01:32:29.010,0.8875,0.88766,1.00,1.19
2014.06.30 01:32:29.851,0.8875,0.88767,1.00,1.29
2014.06.30 01:32:30.366,0.88746,0.88767,1.10,1.29
2014.06.30 01:32:31.138,0.88745,0.88767,1.10,1.29
2014.06.30 01:32:31.599,0.88743,0.88763,1.00,1.19
2014.06.30 01:32:31.933,0.88745,0.88763,1.00,1.19
2014.06.30 01:32:31.983,0.88743,0.88763,1.00,1.19
2014.06.30 01:32:32.524,0.88741,0.88763,1.17,1.19
2014.06.30 01:32:32.727,0.8874,0.88762,1.77,1.37
2014.06.30 01:32:34.584,0.8874,0.88761,1.58,1.29
2014.06.30 01:32:37.498,0.88739,0.8876,1.09,1.25
2014.06.30 01:32:37.856,0.88738,0.8876,1.02,1.34
2014.06.30 01:32:38.160,0.88735,0.88756,1.00,1.34
2014.06.30 01:32:38.892,0.88735,0.88753,1.00,1.29
2014.06.30 01:32:39.043,0.88731,0.88753,1.09,1.29
2014.06.30 01:32:39.096,0.88731,0.88751,1.20,1.19
2014.06.30 01:32:44.057,0.88733,0.88752,1.10,1.34
2014.06.30 01:32:44.531,0.88735,0.88753,1.00,1.34
2014.06.30 01:32:44.738,0.88733,0.88753,1.10,1.34
2014.06.30 01:32:45.268,0.88735,0.88753,1.00,1.34
2014.06.30 01:32:45.927,0.88733,0.88753,1.10,1.34
2014.06.30 01:32:46.410,0.88735,0.88754,1.00,1.34
2014.06.30 01:32:46.461,0.88735,0.88754,1.00,1.29
2014.06.30 01:32:46.613,0.8874,0.88753,1.00,1.02
2014.06.30 01:32:49.617,0.8874,0.88754,1.00,1.20
2014.06.30 01:32:58.027,0.88735,0.88754,1.18,1.02
2014.06.30 01:33:01.485,0.88734,0.88756,1.65,1.77
2014.06.30 01:33:03.416,0.88735,0.88755,1.18,1.00
2014.06.30 01:33:04.494,0.88735,0.88755,1.18,1.69
2014.06.30 01:33:05.518,0.88735,0.88755,1.18,1.69
2014.06.30 01:33:06.540,0.88735,0.88755,1.18,1.25
2014.06.30 01:33:07.876,0.88735,0.88754,1.18,1.10
2014.06.30 01:33:08.411,0.88735,0.88753,1.08,1.10
2014.06.30 01:33:08.794,0.88735,0.88753,1.00,1.17
2014.06.30 01:33:08.844,0.8873,0.88753,1.38,1.92
2014.06.30 01:33:09.375,0.88727,0.8875,1.34,1.50
2014.06.30 01:33:09.902,0.88726,0.8875,1.92,2.44
2014.06.30 01:33:12.823,0.88726,0.8875,1.92,2.44
2014.06.30 01:33:13.825,0.88726,0.8875,1.44,1.69
2014.06.30 01:33:14.829,0.88726,0.8875,1.92,2.44
2014.06.30 01:33:15.831,0.88726,0.8875,1.44,1.69
2014.06.30 01:33:16.487,0.88726,0.8875,1.47,1.77
2014.06.30 01:33:17.041,0.88725,0.8875,1.84,1.84
2014.06.30 01:33:17.745,0.88729,0.8875,1.00,1.09
2014.06.30 01:33:19.648,0.88725,0.8875,1.84,2.67
2014.06.30 01:33:19.749,0.8873,0.8875,1.00,1.92
2014.06.30 01:33:29.381,0.8873,0.8875,1.00,1.25
2014.06.30 01:33:30.162,0.88729,0.8875,1.02,1.25
2014.06.30 01:33:31.055,0.8873,0.8875,1.00,1.25
2014.06.30 01:33:32.775,0.8873,0.88752,1.19,1.37
2014.06.30 01:33:36.509,0.88732,0.88752,1.19,1.18
2014.06.30 01:33:36.811,0.88735,0.88752,1.09,1.00
2014.06.30 01:33:36.913,0.88735,0.88756,1.09,1.25
2014.06.30 01:33:37.115,0.88736,0.88756,1.29,1.00
2014.06.30 01:33:38.896,0.88735,0.88756,1.37,1.00
2014.06.30 01:33:39.899,0.88735,0.88756,1.92,1.00
2014.06.30 01:33:42.825,0.88735,0.88755,1.92,1.00
2014.06.30 01:33:43.070,0.88736,0.88758,1.02,1.29
2014.06.30 01:33:45.061,0.88736,0.88759,1.84,1.37
2014.06.30 01:33:48.069,0.88736,0.8876,2.59,3.42
2014.06.30 01:33:48.169,0.8874,0.8876,1.00,2.67
2014.06.30 01:33:48.271,0.88736,0.8876,2.59,3.42
2014.06.30 01:33:50.032,0.88736,0.8876,2.59,3.42
2014.06.30 01:33:50.682,0.8874,0.8876,1.00,2.67
2014.06.30 01:33:51.203,0.8874,0.8876,1.10,1.84
2014.06.30 01:33:55.035,0.88737,0.8876,1.29,2.67
2014.06.30 01:33:55.564,0.88737,0.8876,1.34,2.52
2014.06.30 01:33:56.510,0.88738,0.8876,1.34,2.52
2014.06.30 01:33:57.080,0.88737,0.8876,1.34,2.52
2014.06.30 01:34:00.173,0.88739,0.88761,1.84,1.58
2014.06.30 01:34:00.476,0.88745,0.88765,1.00,1.29
2014.06.30 01:34:00.577,0.88741,0.88765,2.22,2.59
2014.06.30 01:34:01.377,0.88743,0.88765,1.29,1.10
2014.06.30 01:34:16.436,0.88745,0.88766,1.19,1.18
2014.06.30 01:34:17.452,0.88745,0.88766,1.25,1.09
2014.06.30 01:34:18.125,0.88745,0.88766,1.40,1.25
2014.06.30 01:34:19.429,0.88745,0.88766,1.84,1.00
2014.06.30 01:34:19.986,0.88745,0.88768,1.84,1.77
2014.06.30 01:34:20.527,0.88745,0.88768,1.84,1.77
2014.06.30 01:34:25.435,0.88745,0.88768,1.84,1.19
2014.06.30 01:34:27.440,0.88745,0.88768,1.84,1.19
2014.06.30 01:34:39.568,0.88745,0.88768,1.77,1.09
2014.06.30 01:34:40.540,0.88745,0.88768,1.77,1.37
2014.06.30 01:34:41.544,0.88745,0.88768,2.59,1.09
2014.06.30 01:34:41.908,0.8875,0.88769,1.00,1.19
2014.06.30 01:34:41.959,0.8875,0.8877,1.00,1.84
2014.06.30 01:34:42.995,0.8875,0.8877,1.00,1.29
2014.06.30 01:34:48.334,0.88746,0.8877,2.67,2.52
2014.06.30 01:34:48.436,0.8875,0.8877,1.00,1.77
2014.06.30 01:34:48.614,0.88746,0.8877,2.67,2.52
2014.06.30 01:34:48.724,0.8875,0.8877,1.00,1.77
2014.06.30 01:34:48.944,0.88746,0.8877,2.67,2.52
2014.06.30 01:34:52.795,0.8875,0.8877,1.00,1.29
2014.06.30 01:34:53.585,0.8875,0.8877,1.00,1.02
2014.06.30 01:34:55.592,0.8875,0.8877,1.00,1.29
2014.06.30 01:35:00.605,0.8875,0.8877,1.00,1.02
2014.06.30 01:35:01.315,0.8875,0.88768,1.00,1.10
2014.06.30 01:35:01.830,0.8875,0.88769,1.00,1.02
2014.06.30 01:35:02.895,0.8875,0.88768,1.00,1.10
2014.06.30 01:35:04.426,0.8875,0.88768,1.00,1.29
2014.06.30 01:35:04.476,0.88746,0.88768,1.33,1.37
2014.06.30 01:35:04.527,0.88746,0.88764,1.25,1.10
2014.06.30 01:35:05.071,0.88745,0.88763,1.25,1.10
2014.06.30 01:35:06.121,0.8875,0.88763,1.00,1.10
2014.06.30 01:35:06.172,0.8875,0.88766,1.00,1.84
2014.06.30 01:35:09.105,0.88745,0.88765,1.25,1.00
2014.06.30 01:35:09.209,0.8875,0.88766,1.00,1.84
2014.06.30 01:35:09.414,0.88745,0.88765,1.25,1.00
2014.06.30 01:35:10.615,0.8875,0.88766,1.00,1.84
2014.06.30 01:35:11.773,0.8875,0.88766,1.00,2.59
2014.06.30 01:35:11.975,0.88745,0.88764,1.00,1.67
2014.06.30 01:35:12.076,0.88742,0.88761,1.25,1.00
2014.06.30 01:35:12.177,0.8874,0.8876,1.10,1.02
2014.06.30 01:35:14.266,0.88737,0.8876,1.37,1.77
2014.06.30 01:35:14.317,0.88737,0.8876,1.27,1.84
2014.06.30 01:35:14.418,0.88736,0.8876,1.69,3.42
2014.06.30 01:35:16.389,0.88735,0.88755,1.00,1.25
2014.06.30 01:35:16.897,0.88736,0.88755,1.00,1.25
2014.06.30 01:35:17.400,0.88735,0.88755,1.00,1.25
2014.06.30 01:35:17.551,0.88735,0.88755,1.00,1.63
2014.06.30 01:35:17.792,0.88726,0.8875,3.08,2.33
2014.06.30 01:35:17.845,0.88725,0.88748,4.09,1.00
2014.06.30 01:35:17.896,0.88725,0.88748,1.40,1.00
2014.06.30 01:35:17.947,0.88725,0.88744,1.40,1.00
2014.06.30 01:35:18.049,0.88725,0.88744,1.25,1.00
2014.06.30 01:35:18.251,0.8873,0.88744,1.00,1.00
2014.06.30 01:35:18.605,0.88725,0.88744,1.25,1.00
2014.06.30 01:35:20.022,0.88725,0.88744,1.69,1.00
2014.06.30 01:35:21.548,0.8873,0.88746,1.00,1.00
2014.06.30 01:35:21.874,0.8873,0.8875,1.00,1.34
2014.06.30 01:35:24.741,0.8873,0.88748,1.19,1.00
2014.06.30 01:35:25.797,0.8873,0.88748,1.25,1.00
2014.06.30 01:35:33.626,0.8873,0.88748,1.00,1.39
2014.06.30 01:35:33.850,0.88725,0.88745,1.09,1.00
2014.06.30 01:35:34.052,0.88725,0.88745,1.09,1.38
2014.06.30 01:35:35.812,0.8872,0.88744,5.59,2.07
2014.06.30 01:35:35.863,0.8872,0.88744,3.42,2.07
2014.06.30 01:35:36.421,0.8872,0.88743,2.67,1.32
2014.06.30 01:35:36.953,0.8872,0.88743,2.67,1.32
2014.06.30 01:35:37.401,0.88725,0.88743,1.00,1.32
2014.06.30 01:35:38.910,0.88725,0.88744,1.10,2.07
2014.06.30 01:35:40.113,0.88725,0.88743,1.10,1.39
2014.06.30 01:35:40.553,0.88725,0.88744,1.15,2.89
2014.06.30 01:35:43.355,0.8873,0.88747,1.00,1.29
2014.06.30 01:35:43.874,0.88729,0.88749,1.40,1.00
2014.06.30 01:35:44.378,0.88729,0.8875,1.40,1.25
2014.06.30 01:35:44.664,0.88733,0.8875,1.10,1.25
2014.06.30 01:35:45.085,0.88731,0.8875,1.30,1.25
2014.06.30 01:35:45.962,0.88731,0.8875,1.30,1.19
2014.06.30 01:35:48.294,0.88731,0.8875,1.30,1.69
2014.06.30 01:35:48.618,0.88731,0.8875,1.30,2.07
2014.06.30 01:35:48.920,0.88733,0.88749,1.25,1.19
2014.06.30 01:35:49.022,0.88736,0.88755,1.10,2.82
2014.06.30 01:35:49.173,0.88736,0.88755,1.18,2.07
2014.06.30 01:35:49.476,0.88741,0.88755,1.25,1.00
2014.06.30 01:35:49.728,0.88742,0.88759,1.15,1.19
2014.06.30 01:35:50.207,0.88741,0.8876,1.25,1.19
2014.06.30 01:35:50.258,0.88741,0.88755,1.25,1.00
2014.06.30 01:35:50.344,0.88741,0.8876,1.25,1.19
2014.06.30 01:35:52.187,0.88742,0.88761,1.25,1.69
2014.06.30 01:35:52.677,0.88745,0.88761,2.33,1.69
2014.06.30 01:35:52.879,0.88746,0.88762,1.25,1.25
2014.06.30 01:35:53.199,0.88746,0.88765,1.25,1.32
2014.06.30 01:35:54.224,0.88746,0.88765,1.25,1.32
2014.06.30 01:35:56.206,0.88746,0.88765,1.73,1.25
2014.06.30 01:35:58.525,0.88746,0.88767,1.73,1.69
2014.06.30 01:35:58.746,0.88743,0.8876,1.73,1.00
2014.06.30 01:35:58.848,0.88745,0.88765,1.18,1.19
2014.06.30 01:35:58.949,0.88745,0.88765,1.34,1.00
2014.06.30 01:35:59.259,0.88748,0.88765,1.73,1.00
2014.06.30 01:35:59.617,0.8875,0.88768,1.15,1.19
2014.06.30 01:35:59.668,0.8875,0.8877,1.15,1.25
2014.06.30 01:35:59.718,0.88748,0.88765,1.73,1.00
2014.06.30 01:36:00.025,0.8875,0.8877,1.15,1.25
2014.06.30 01:36:00.233,0.8875,0.8877,3.08,1.25
2014.06.30 01:36:00.782,0.8875,0.8877,3.90,1.19
2014.06.30 01:36:00.985,0.8876,0.88777,1.00,1.69
2014.06.30 01:36:01.136,0.8876,0.8878,1.00,1.69
2014.06.30 01:36:01.443,0.88762,0.88783,1.18,1.19
2014.06.30 01:36:01.657,0.88763,0.88784,1.28,1.25
2014.06.30 01:36:01.975,0.88766,0.88784,1.10,1.00
2014.06.30 01:36:02.095,0.88764,0.88784,1.02,1.00
2014.06.30 01:36:02.148,0.88764,0.88781,1.02,1.00
2014.06.30 01:36:02.257,0.88762,0.88784,1.92,1.00
2014.06.30 01:36:02.570,0.88762,0.8878,1.92,1.00
2014.06.30 01:36:02.822,0.88762,0.88785,1.17,1.69
2014.06.30 01:36:03.239,0.88762,0.8878,1.17,1.00
2014.06.30 01:36:04.864,0.88762,0.88775,1.25,1.00
2014.06.30 01:36:05.129,0.88758,0.88775,1.25,1.00
2014.06.30 01:36:05.182,0.88755,0.88774,3.15,1.19
2014.06.30 01:36:05.233,0.88755,0.88774,1.25,1.19
2014.06.30 01:36:05.334,0.88752,0.88772,1.28,1.25
2014.06.30 01:36:05.385,0.8875,0.88772,1.65,1.19
2014.06.30 01:36:05.487,0.8875,0.88769,1.00,1.19
2014.06.30 01:36:05.537,0.88746,0.88766,1.47,1.00
2014.06.30 01:36:06.061,0.88748,0.88766,1.10,1.00
2014.06.30 01:36:06.846,0.88748,0.88765,1.10,1.00
2014.06.30 01:36:07.204,0.88745,0.88762,1.08,1.19
2014.06.30 01:36:07.305,0.8874,0.8876,1.58,1.25
2014.06.30 01:36:07.406,0.88741,0.8876,1.25,1.25
2014.06.30 01:36:07.608,0.8874,0.8876,1.18,1.25
2014.06.30 01:36:07.709,0.88742,0.8876,1.18,1.25
2014.06.30 01:36:07.861,0.88742,0.88762,1.17,1.00
2014.06.30 01:36:08.135,0.88748,0.88765,1.10,1.19
2014.06.30 01:36:08.236,0.88748,0.88766,1.10,1.29
2014.06.30 01:36:08.337,0.8875,0.88766,1.00,1.29
2014.06.30 01:36:08.489,0.8875,0.88769,1.00,1.19
2014.06.30 01:36:08.540,0.8875,0.8877,1.08,1.69
2014.06.30 01:36:08.845,0.8875,0.88768,1.00,1.25
2014.06.30 01:36:09.650,0.88749,0.88768,1.20,1.25
2014.06.30 01:36:09.958,0.88751,0.8877,1.30,1.19
2014.06.30 01:36:10.110,0.88751,0.88772,1.30,1.69
2014.06.30 01:36:10.877,0.88752,0.88772,1.10,1.69
2014.06.30 01:36:11.643,0.88752,0.88772,1.10,1.25
2014.06.30 01:36:13.055,0.88752,0.8877,1.10,1.00
2014.06.30 01:36:13.370,0.8875,0.88768,1.00,1.00
2014.06.30 01:36:13.795,0.88747,0.88766,1.25,1.00
2014.06.30 01:36:14.148,0.8875,0.88768,1.00,1.00
2014.06.30 01:36:15.573,0.88747,0.88765,1.25,1.00
2014.06.30 01:36:16.106,0.8875,0.88768,1.00,1.69
2014.06.30 01:36:16.665,0.88747,0.88765,1.10,1.25
2014.06.30 01:36:16.766,0.88747,0.88764,1.10,1.69
2014.06.30 01:36:16.867,0.88745,0.88762,1.58,1.00
2014.06.30 01:36:17.378,0.88745,0.88764,1.58,1.19
2014.06.30 01:36:17.949,0.88745,0.88765,1.58,1.29
2014.06.30 01:36:18.405,0.88747,0.88766,1.10,1.18
2014.06.30 01:36:18.556,0.88747,0.88768,1.10,1.29
2014.06.30 01:36:19.355,0.88747,0.88769,1.02,1.84
2014.06.30 01:36:20.359,0.88747,0.8877,1.77,1.84
2014.06.30 01:36:23.363,0.88747,0.8877,1.77,1.84
2014.06.30 01:36:27.375,0.88747,0.88768,1.77,2.44
2014.06.30 01:36:27.679,0.88749,0.88766,1.10,1.08
2014.06.30 01:36:27.730,0.88749,0.88768,1.10,1.37
2014.06.30 01:36:28.583,0.88749,0.8877,1.10,2.52
2014.06.30 01:36:29.587,0.88749,0.8877,1.10,2.52
2014.06.30 01:36:33.371,0.88751,0.8877,1.10,1.77
2014.06.30 01:36:33.905,0.88752,0.8877,1.10,1.29
2014.06.30 01:36:34.613,0.88752,0.8877,1.10,1.10
2014.06.30 01:36:35.936,0.8875,0.8877,1.10,1.58
2014.06.30 01:36:36.616,0.88749,0.8877,1.10,2.52
2014.06.30 01:36:40.625,0.88749,0.88767,1.10,1.00
2014.06.30 01:36:41.099,0.88748,0.88765,1.10,1.00
2014.06.30 01:36:41.459,0.8875,0.88765,1.10,1.00
2014.06.30 01:36:41.827,0.88748,0.88765,1.10,1.00
2014.06.30 01:36:42.290,0.88746,0.88765,1.10,1.00
2014.06.30 01:36:42.341,0.88746,0.88764,1.10,1.19
2014.06.30 01:36:42.392,0.88742,0.88764,1.28,1.29
2014.06.30 01:36:42.493,0.88742,0.88762,1.20,1.25
2014.06.30 01:36:42.749,0.88743,0.88762,1.28,1.25
2014.06.30 01:36:42.951,0.88746,0.88766,1.20,1.29
2014.06.30 01:36:43.603,0.88746,0.88766,1.28,1.19
2014.06.30 01:36:44.215,0.88746,0.88766,1.28,1.25
2014.06.30 01:36:49.656,0.88748,0.88766,1.10,1.25
2014.06.30 01:36:50.160,0.88746,0.88766,1.17,1.00
2014.06.30 01:36:50.764,0.88748,0.88765,1.10,1.00
2014.06.30 01:36:51.326,0.88748,0.88766,1.10,1.00
2014.06.30 01:36:52.067,0.88746,0.88766,1.17,1.00
2014.06.30 01:36:52.301,0.88746,0.88765,1.92,1.00
2014.06.30 01:36:52.503,0.8875,0.8877,1.47,1.00
2014.06.30 01:36:53.490,0.8875,0.8877,1.73,1.69
2014.06.30 01:36:57.618,0.88746,0.8877,1.84,2.59
2014.06.30 01:36:57.915,0.8875,0.8877,1.00,1.84
2014.06.30 01:36:59.125,0.88747,0.8877,1.29,1.37
2014.06.30 01:36:59.346,0.8875,0.8877,1.00,1.37
2014.06.30 01:37:00.545,0.8875,0.8877,1.00,1.84
2014.06.30 01:37:00.967,0.8875,0.88766,1.00,1.00
2014.06.30 01:37:01.269,0.8875,0.8877,1.00,1.84
2014.06.30 01:37:01.781,0.8875,0.8877,1.00,1.84
2014.06.30 01:37:01.956,0.8875,0.88767,1.00,1.09
2014.06.30 01:37:02.208,0.88744,0.88767,2.14,1.09
2014.06.30 01:37:02.566,0.88743,0.88765,1.37,1.25
2014.06.30 01:37:02.667,0.88741,0.88764,1.34,1.19
2014.06.30 01:37:02.717,0.8874,0.88762,1.84,1.00
2014.06.30 01:37:03.231,0.8874,0.88762,1.69,1.15
2014.06.30 01:37:03.383,0.8874,0.88758,1.00,1.00
2014.06.30 01:37:03.736,0.8874,0.88758,1.00,1.15
2014.06.30 01:37:04.046,0.8874,0.88758,1.00,1.00
2014.06.30 01:37:06.356,0.8874,0.88761,1.00,1.34
2014.06.30 01:37:06.682,0.88737,0.8876,1.29,1.37
2014.06.30 01:37:07.035,0.88737,0.8876,1.19,1.37
2014.06.30 01:37:07.648,0.88739,0.8876,1.00,1.34
2014.06.30 01:37:07.749,0.88739,0.8876,1.00,1.27
2014.06.30 01:37:09.078,0.88735,0.88759,2.59,1.29
2014.06.30 01:37:09.601,0.88735,0.88755,1.84,1.00
2014.06.30 01:37:10.060,0.88735,0.88757,1.58,1.27
2014.06.30 01:37:12.117,0.88735,0.88755,1.00,1.33
2014.06.30 01:37:12.268,0.8873,0.88755,2.59,1.84
2014.06.30 01:37:12.470,0.88731,0.88752,1.00,1.29
2014.06.30 01:37:13.484,0.88731,0.88754,1.00,1.34
2014.06.30 01:37:13.673,0.88731,0.88754,1.00,3.27
2014.06.30 01:37:13.977,0.8873,0.88751,1.00,3.27
2014.06.30 01:37:14.129,0.88727,0.88749,1.25,1.34
2014.06.30 01:37:15.037,0.88724,0.88747,1.19,1.34
2014.06.30 01:37:16.014,0.88724,0.88747,1.19,1.34
2014.06.30 01:37:16.225,0.88725,0.88749,1.19,1.34
2014.06.30 01:37:16.629,0.88727,0.8875,1.29,1.27
2014.06.30 01:37:17.551,0.88726,0.8875,1.37,3.04
2014.06.30 01:37:17.601,0.88726,0.8875,1.19,3.04
2014.06.30 01:37:17.652,0.88724,0.88747,1.29,1.37
2014.06.30 01:37:19.057,0.88724,0.88748,1.02,1.44
2014.06.30 01:37:19.321,0.88724,0.88749,1.40,1.29
2014.06.30 01:37:19.814,0.8873,0.8875,1.00,1.27
2014.06.30 01:37:19.966,0.88726,0.8875,1.27,1.77
2014.06.30 01:37:20.067,0.8873,0.8875,1.00,1.27
2014.06.30 01:37:20.583,0.8873,0.88752,1.00,1.84
2014.06.30 01:37:22.045,0.8873,0.88752,1.00,4.02
2014.06.30 01:37:22.562,0.8873,0.8875,1.00,1.34
2014.06.30 01:37:22.612,0.88726,0.8875,1.19,1.84
2014.06.30 01:37:23.021,0.8873,0.88749,1.00,1.40
2014.06.30 01:37:24.542,0.88725,0.88749,1.69,1.84
2014.06.30 01:37:25.312,0.8873,0.88749,1.00,1.84
2014.06.30 01:37:25.551,0.88725,0.88749,1.69,1.84
2014.06.30 01:37:26.013,0.88724,0.88748,1.02,1.34
2014.06.30 01:37:26.519,0.88725,0.88747,1.00,1.09
2014.06.30 01:37:27.093,0.88729,0.88747,1.00,1.09
2014.06.30 01:37:28.109,0.88729,0.88746,1.00,1.29
2014.06.30 01:37:28.312,0.88725,0.88746,1.00,1.34
2014.06.30 01:37:28.573,0.88725,0.88744,1.00,2.52
2014.06.30 01:37:28.876,0.8872,0.88739,1.00,1.40
2014.06.30 01:37:29.078,0.88715,0.88736,1.00,2.03
2014.06.30 01:37:29.229,0.88715,0.88735,1.00,1.34
2014.06.30 01:37:30.765,0.88715,0.88733,1.00,1.27
2014.06.30 01:37:31.280,0.88715,0.88735,1.00,1.37
2014.06.30 01:37:32.144,0.8871,0.88734,1.40,1.29
2014.06.30 01:37:32.447,0.8871,0.88734,1.25,1.34
2014.06.30 01:37:32.855,0.8871,0.88732,1.00,1.84
2014.06.30 01:37:33.372,0.8871,0.88729,1.00,1.33
2014.06.30 01:37:33.575,0.88704,0.88729,1.84,1.92
2014.06.30 01:37:36.329,0.88704,0.88725,1.34,1.00
2014.06.30 01:37:37.343,0.88703,0.88725,1.27,1.25
2014.06.30 01:37:37.394,0.88702,0.88724,1.47,1.19
2014.06.30 01:37:37.458,0.88705,0.88724,1.00,1.19
2014.06.30 01:37:37.879,0.887,0.88722,1.40,1.19
2014.06.30 01:37:37.980,0.887,0.8872,1.08,1.77
2014.06.30 01:37:38.031,0.887,0.8872,1.00,1.84
2014.06.30 01:37:38.568,0.88697,0.8872,1.47,1.19
2014.06.30 01:37:39.073,0.887,0.88721,1.00,1.29
2014.06.30 01:37:39.225,0.887,0.88723,1.25,1.34
2014.06.30 01:37:39.717,0.887,0.88723,1.33,1.27
2014.06.30 01:37:40.222,0.887,0.88723,1.34,1.19
2014.06.30 01:37:41.195,0.88698,0.8872,1.72,1.00
2014.06.30 01:37:41.297,0.88698,0.8872,1.37,1.00
2014.06.30 01:37:41.832,0.887,0.88723,1.25,1.34
2014.06.30 01:37:42.472,0.887,0.88723,1.33,1.27
2014.06.30 01:37:43.291,0.887,0.88723,1.34,1.19
2014.06.30 01:37:44.685,0.88701,0.88723,1.09,1.29
2014.06.30 01:37:44.735,0.88701,0.88723,1.02,1.29
2014.06.30 01:37:45.228,0.88701,0.88722,1.00,1.34
2014.06.30 01:37:45.598,0.88698,0.8872,1.37,1.25
2014.06.30 01:37:45.863,0.88698,0.88719,1.29,1.08
2014.06.30 01:37:45.914,0.88696,0.88719,1.32,1.37
2014.06.30 01:37:46.422,0.88696,0.88719,1.47,1.19
2014.06.30 01:37:46.597,0.887,0.88721,1.00,1.27
2014.06.30 01:37:47.302,0.88699,0.88721,1.00,1.27
2014.06.30 01:37:47.828,0.887,0.88721,1.00,1.27
2014.06.30 01:37:48.977,0.88695,0.8872,2.97,1.77
2014.06.30 01:37:49.619,0.88695,0.8872,2.97,1.29
2014.06.30 01:37:53.060,0.88696,0.8872,1.37,1.29
2014.06.30 01:37:57.818,0.887,0.88721,1.00,1.27
2014.06.30 01:37:58.327,0.887,0.88721,1.00,1.27
2014.06.30 01:38:00.522,0.88697,0.8872,1.64,1.02
2014.06.30 01:38:01.551,0.88697,0.8872,1.19,1.40
2014.06.30 01:38:01.804,0.887,0.8872,1.00,1.29
2014.06.30 01:38:02.367,0.887,0.88722,1.25,1.84
2014.06.30 01:38:02.474,0.88705,0.88722,1.00,1.84
2014.06.30 01:38:03.167,0.887,0.88722,1.25,1.84
2014.06.30 01:38:03.725,0.887,0.88723,1.19,1.34
2014.06.30 01:38:04.734,0.887,0.88723,1.27,1.37
2014.06.30 01:38:05.413,0.887,0.88723,1.37,1.29
2014.06.30 01:38:07.242,0.88701,0.88725,1.29,1.84
2014.06.30 01:38:07.545,0.88705,0.88725,1.00,1.34
2014.06.30 01:38:07.759,0.88705,0.88726,1.02,1.25
2014.06.30 01:38:10.115,0.88705,0.88729,1.02,1.37
2014.06.30 01:38:11.122,0.88705,0.88728,1.02,1.27
2014.06.30 01:38:14.487,0.88708,0.88728,1.00,1.27
2014.06.30 01:38:14.742,0.88705,0.88728,1.77,1.27
2014.06.30 01:38:15.456,0.8871,0.88727,1.00,1.19
2014.06.30 01:38:16.234,0.8871,0.8873,1.00,1.77
2014.06.30 01:38:17.284,0.8871,0.8873,1.00,1.29
2014.06.30 01:38:18.287,0.8871,0.88732,1.25,1.84
2014.06.30 01:38:18.830,0.8871,0.88732,1.09,1.69
2014.06.30 01:38:19.282,0.8871,0.88732,1.37,1.25
2014.06.30 01:38:20.297,0.8871,0.88732,1.37,1.19
2014.06.30 01:38:24.261,0.8871,0.88732,1.09,1.00
2014.06.30 01:38:27.273,0.8871,0.88732,1.84,1.25
2014.06.30 01:38:27.584,0.8871,0.88731,1.00,1.27
2014.06.30 01:38:30.302,0.88715,0.88732,1.00,1.84
2014.06.30 01:38:30.810,0.88714,0.88732,1.00,1.84
2014.06.30 01:38:30.969,0.88715,0.88732,1.00,1.00
2014.06.30 01:38:31.323,0.8871,0.88732,1.84,1.00
2014.06.30 01:38:31.878,0.88712,0.88734,1.25,1.29
2014.06.30 01:38:31.979,0.88712,0.88734,1.40,1.19
2014.06.30 01:38:32.572,0.88715,0.88736,1.10,1.69
2014.06.30 01:38:34.297,0.88719,0.88737,1.00,1.29
2014.06.30 01:38:34.499,0.88715,0.88737,1.10,1.29
2014.06.30 01:38:35.025,0.88715,0.88738,1.02,1.84
2014.06.30 01:38:35.556,0.88715,0.88737,1.10,1.29
2014.06.30 01:38:36.560,0.88715,0.88736,1.00,1.37
2014.06.30 01:38:40.616,0.88715,0.88737,1.00,1.34
2014.06.30 01:38:41.428,0.88715,0.88738,1.69,1.37
2014.06.30 01:38:41.529,0.88715,0.88738,1.77,1.37
2014.06.30 01:38:43.632,0.88715,0.88737,1.02,1.29
2014.06.30 01:38:48.616,0.88715,0.88738,1.29,1.84
2014.06.30 01:38:52.615,0.88715,0.88737,1.02,1.29
2014.06.30 01:38:53.618,0.88715,0.88738,1.02,1.37
2014.06.30 01:38:54.620,0.88715,0.88738,1.29,1.84
2014.06.30 01:38:58.281,0.88715,0.88737,1.29,1.02
2014.06.30 01:38:58.685,0.88715,0.8873,1.00,1.53
2014.06.30 01:38:59.161,0.8871,0.88729,1.00,1.47
2014.06.30 01:38:59.432,0.8871,0.88729,1.00,1.37
2014.06.30 01:38:59.736,0.8871,0.88729,1.50,1.37
2014.06.30 01:38:59.869,0.8871,0.88729,1.00,1.37
2014.06.30 01:39:00.346,0.88715,0.88729,1.00,1.37
2014.06.30 01:39:00.892,0.88715,0.8873,1.00,1.40
2014.06.30 01:39:00.993,0.88715,0.88731,1.00,1.37
2014.06.30 01:39:01.145,0.8871,0.88731,1.65,1.19
2014.06.30 01:39:01.377,0.88714,0.88731,1.00,1.64
2014.06.30 01:39:02.131,0.88715,0.88731,1.00,1.27
2014.06.30 01:39:02.672,0.88715,0.88732,1.00,1.29
2014.06.30 01:39:03.151,0.88715,0.88733,1.00,1.37
2014.06.30 01:39:04.130,0.88714,0.88733,1.00,1.37
2014.06.30 01:39:04.232,0.8871,0.88733,1.77,1.37
2014.06.30 01:39:04.535,0.88714,0.88733,1.00,1.37
2014.06.30 01:39:08.171,0.88714,0.88733,1.00,1.19
2014.06.30 01:39:08.473,0.88715,0.88734,1.00,1.25
2014.06.30 01:39:08.953,0.88715,0.88737,1.40,1.19
2014.06.30 01:39:09.877,0.88715,0.88738,1.40,1.25
2014.06.30 01:39:11.242,0.8872,0.88738,1.00,1.25
2014.06.30 01:39:12.873,0.8872,0.88738,1.00,1.69
2014.06.30 01:39:14.141,0.88715,0.88738,1.40,1.69
2014.06.30 01:39:14.647,0.88718,0.88738,1.00,1.19
2014.06.30 01:39:15.900,0.88718,0.8874,1.00,1.84
2014.06.30 01:39:16.889,0.88718,0.88738,1.00,1.19
2014.06.30 01:39:20.951,0.88718,0.88739,1.00,1.29
2014.06.30 01:39:22.151,0.88719,0.88739,1.00,1.29
2014.06.30 01:39:22.698,0.8872,0.8874,1.18,1.19
2014.06.30 01:39:24.806,0.88722,0.88744,1.00,1.37
2014.06.30 01:39:24.857,0.88726,0.88744,1.00,1.37
2014.06.30 01:39:25.181,0.88725,0.88745,1.10,1.19
2014.06.30 01:39:25.937,0.88725,0.88745,1.10,1.19
2014.06.30 01:39:27.832,0.88726,0.88745,1.00,1.19
2014.06.30 01:39:27.986,0.88726,0.88747,1.00,1.29
2014.06.30 01:39:28.500,0.8873,0.88747,1.00,1.29
2014.06.30 01:39:29.050,0.88726,0.88747,1.00,1.29
2014.06.30 01:39:29.946,0.88726,0.88747,1.00,1.29
2014.06.30 01:39:32.620,0.8873,0.88748,1.00,1.37
2014.06.30 01:39:33.323,0.8873,0.88748,1.00,1.37
2014.06.30 01:39:36.739,0.8873,0.88749,1.00,1.19
2014.06.30 01:39:38.559,0.88729,0.88749,1.10,1.19
2014.06.30 01:39:38.745,0.88729,0.8875,1.10,1.25
2014.06.30 01:39:39.449,0.88729,0.88749,1.10,1.19
2014.06.30 01:39:40.452,0.88729,0.8875,1.10,1.19
2014.06.30 01:39:41.250,0.8873,0.8875,1.00,1.19
2014.06.30 01:39:41.581,0.88735,0.8875,1.00,1.19
2014.06.30 01:39:42.081,0.8873,0.8875,1.15,1.69
2014.06.30 01:39:47.725,0.8873,0.8875,1.08,1.69
2014.06.30 01:39:48.358,0.8873,0.8875,1.00,1.69
2014.06.30 01:39:52.199,0.88735,0.8875,1.00,1.25
2014.06.30 01:39:53.080,0.8873,0.8875,1.00,1.25
2014.06.30 01:39:53.332,0.8873,0.88746,1.00,1.00
2014.06.30 01:39:55.106,0.8873,0.88751,1.00,1.29
2014.06.30 01:39:57.533,0.8873,0.88748,1.00,1.00
2014.06.30 01:39:58.748,0.8873,0.88748,1.33,1.00
2014.06.30 01:39:58.849,0.8873,0.88752,1.40,1.25
2014.06.30 01:39:58.950,0.88731,0.88752,3.27,1.00
2014.06.30 01:39:59.051,0.88734,0.88755,1.34,1.00
2014.06.30 01:39:59.152,0.88735,0.88757,1.34,1.25
2014.06.30 01:40:00.235,0.8874,0.88758,1.00,1.69
2014.06.30 01:40:00.387,0.88735,0.88758,1.34,1.69
2014.06.30 01:40:00.590,0.8874,0.88758,1.00,1.25
2014.06.30 01:40:01.442,0.8874,0.88758,1.00,1.19
2014.06.30 01:40:02.471,0.8874,0.88758,1.10,1.00
2014.06.30 01:40:06.003,0.8874,0.88761,1.10,1.19
2014.06.30 01:40:06.773,0.8874,0.88762,1.29,1.02
2014.06.30 01:40:08.151,0.88745,0.88762,1.00,1.02
2014.06.30 01:40:08.802,0.88745,0.88762,1.00,1.29
2014.06.30 01:40:11.779,0.88745,0.88762,1.00,1.29
2014.06.30 01:40:12.331,0.88745,0.88762,1.00,1.29
2014.06.30 01:40:13.186,0.88745,0.88762,1.00,1.02
2014.06.30 01:40:21.565,0.8875,0.88762,1.00,1.10
2014.06.30 01:40:21.616,0.8875,0.88766,1.00,1.47
2014.06.30 01:40:21.940,0.88748,0.88769,1.00,1.37
2014.06.30 01:40:22.142,0.8875,0.88771,1.00,1.29
2014.06.30 01:40:23.030,0.8875,0.8877,1.00,1.25
2014.06.30 01:40:26.519,0.8875,0.8877,1.00,1.63
2014.06.30 01:40:26.650,0.88746,0.88765,1.29,1.00
2014.06.30 01:40:26.752,0.8875,0.88769,1.00,1.74
2014.06.30 01:40:27.054,0.88755,0.88774,1.00,1.84
2014.06.30 01:40:27.754,0.88755,0.88774,1.00,1.29
2014.06.30 01:40:27.855,0.88752,0.8877,1.10,1.00
2014.06.30 01:40:29.044,0.88752,0.8877,1.10,1.38
2014.06.30 01:40:29.201,0.8875,0.8877,1.00,1.47
2014.06.30 01:40:29.252,0.8875,0.88769,1.00,1.72
2014.06.30 01:40:29.468,0.8875,0.8877,1.00,1.37
2014.06.30 01:40:29.932,0.8875,0.88772,1.02,1.32
2014.06.30 01:40:30.033,0.8875,0.88772,1.40,1.32
2014.06.30 01:40:30.936,0.88749,0.88772,1.84,1.32
2014.06.30 01:40:34.890,0.88755,0.88774,1.08,1.57
2014.06.30 01:40:35.501,0.88753,0.88775,1.40,1.57
2014.06.30 01:40:37.724,0.88753,0.88775,1.15,2.07
2014.06.30 01:40:38.686,0.88755,0.88775,1.15,1.19
2014.06.30 01:40:39.671,0.88755,0.88775,1.15,1.25
2014.06.30 01:40:45.408,0.88756,0.88775,1.72,1.00
2014.06.30 01:40:45.711,0.88755,0.8877,1.00,1.00
2014.06.30 01:40:45.866,0.8875,0.88769,1.09,1.00
2014.06.30 01:40:45.917,0.88755,0.88772,1.00,1.19
2014.06.30 01:40:46.018,0.88756,0.88775,1.00,1.19
2014.06.30 01:40:46.119,0.88759,0.88776,1.00,1.19
2014.06.30 01:40:46.235,0.88759,0.88778,1.00,1.19
2014.06.30 01:40:46.744,0.88757,0.88778,1.15,1.19
2014.06.30 01:40:46.795,0.88757,0.8878,1.40,2.52
2014.06.30 01:40:50.050,0.88757,0.88775,1.40,1.00
2014.06.30 01:40:51.363,0.88757,0.88775,1.08,1.25
2014.06.30 01:40:51.693,0.88754,0.8877,1.40,1.00
2014.06.30 01:40:52.202,0.88754,0.88771,1.15,1.00
2014.06.30 01:40:55.329,0.88754,0.8877,1.15,1.00
2014.06.30 01:41:02.177,0.88753,0.8877,1.29,1.00
