2015.04.06 20:00:00.128,0.90255,0.90284,1.00,1.10
2015.04.06 20:00:00.229,0.90254,0.90279,1.00,1.00
2015.04.06 20:00:00.279,0.9025,0.90279,1.10,1.00
2015.04.06 20:00:00.582,0.90248,0.90274,1.00,1.00
2015.04.06 20:00:00.785,0.90248,0.90276,1.00,1.00
2015.04.06 20:00:01.088,0.90247,0.90273,1.10,1.00
2015.04.06 20:00:01.290,0.90245,0.90272,1.00,1.00
2015.04.06 20:00:01.341,0.90245,0.90269,1.00,1.00
2015.04.06 20:00:01.392,0.90243,0.90268,1.00,1.00
2015.04.06 20:00:01.443,0.90243,0.90265,1.00,1.00
2015.04.06 20:00:01.493,0.90241,0.90265,1.00,1.00
2015.04.06 20:00:01.595,0.90239,0.90265,1.00,1.10
2015.04.06 20:00:01.746,0.90238,0.90263,1.00,1.00
2015.04.06 20:00:02.051,0.90242,0.90269,1.00,1.15
2015.04.06 20:00:02.203,0.90244,0.90274,1.00,1.15
2015.04.06 20:00:02.304,0.90244,0.90274,1.00,1.10
2015.04.06 20:00:02.789,0.90244,0.90273,1.50,1.37
2015.04.06 20:00:03.141,0.90242,0.90271,1.00,1.55
2015.04.06 20:00:03.403,0.90242,0.90274,1.00,2.02
2015.04.06 20:00:03.454,0.90244,0.90274,1.00,1.45
2015.04.06 20:00:03.763,0.90243,0.90271,1.00,1.45
2015.04.06 20:00:04.305,0.90242,0.90271,1.00,1.27
2015.04.06 20:00:04.356,0.90244,0.90271,1.00,1.20
2015.04.06 20:00:04.658,0.90243,0.90271,1.00,1.45
2015.04.06 20:00:05.174,0.90242,0.90273,1.00,1.57
2015.04.06 20:00:05.225,0.90244,0.90273,1.00,1.37
2015.04.06 20:00:05.527,0.90244,0.90272,1.00,1.37
2015.04.06 20:00:05.829,0.90244,0.90272,1.00,1.52
2015.04.06 20:00:05.880,0.90241,0.90272,1.00,1.52
2015.04.06 20:00:06.092,0.90242,0.90273,1.00,1.52
2015.04.06 20:00:06.395,0.90243,0.90271,1.00,1.57
2015.04.06 20:00:06.893,0.90244,0.90273,1.00,1.52
2015.04.06 20:00:06.995,0.90244,0.90272,1.00,1.12
2015.04.06 20:00:07.197,0.90243,0.90274,1.00,1.85
2015.04.06 20:00:07.851,0.90243,0.90274,1.00,1.52
2015.04.06 20:00:07.902,0.90245,0.90274,1.00,1.37
2015.04.06 20:00:08.203,0.90244,0.90271,1.00,1.47
2015.04.06 20:00:08.715,0.90244,0.90271,1.00,1.10
2015.04.06 20:00:09.017,0.90245,0.90274,1.00,1.75
2015.04.06 20:00:09.552,0.90244,0.90274,1.00,1.90
2015.04.06 20:00:09.703,0.90249,0.90275,1.00,1.00
2015.04.06 20:00:09.754,0.90249,0.90277,1.00,1.10
2015.04.06 20:00:09.855,0.90251,0.90283,1.00,2.77
2015.04.06 20:00:10.155,0.90251,0.9028,1.00,1.57
2015.04.06 20:00:10.635,0.90251,0.9028,1.00,1.20
2015.04.06 20:00:11.177,0.90251,0.9028,1.00,1.57
2015.04.06 20:00:11.632,0.9025,0.9028,1.00,1.10
2015.04.06 20:00:11.682,0.9025,0.90276,1.00,1.10
2015.04.06 20:00:12.016,0.90252,0.90279,1.00,1.15
2015.04.06 20:00:12.689,0.90252,0.90279,1.00,1.07
2015.04.06 20:00:12.739,0.9025,0.90279,1.37,1.00
2015.04.06 20:00:13.062,0.90252,0.90279,1.00,1.37
2015.04.06 20:00:13.364,0.90252,0.90279,1.00,1.00
2015.04.06 20:00:13.918,0.90253,0.90279,1.00,1.00
2015.04.06 20:00:14.175,0.90253,0.90276,1.00,1.00
2015.04.06 20:00:14.816,0.9025,0.90276,1.00,1.10
2015.04.06 20:00:14.867,0.9025,0.90273,1.00,1.00
2015.04.06 20:00:14.917,0.90245,0.90273,1.00,1.00
2015.04.06 20:00:14.968,0.90245,0.90271,1.00,1.12
2015.04.06 20:00:15.817,0.90244,0.90271,1.00,1.37
2015.04.06 20:00:16.315,0.90244,0.90266,1.00,1.00
2015.04.06 20:00:16.517,0.90245,0.90269,1.00,1.00
2015.04.06 20:00:16.718,0.90245,0.90266,1.00,1.00
2015.04.06 20:00:17.328,0.90246,0.90266,1.00,1.00
2015.04.06 20:00:17.378,0.90246,0.9027,1.00,1.00
2015.04.06 20:00:17.630,0.90246,0.90266,1.00,1.00
2015.04.06 20:00:17.681,0.90243,0.90266,1.00,1.00
2015.04.06 20:00:17.782,0.90241,0.90266,1.00,1.00
2015.04.06 20:00:18.232,0.90244,0.90266,1.00,1.00
2015.04.06 20:00:18.283,0.90244,0.9027,1.00,1.00
2015.04.06 20:00:18.334,0.90246,0.9027,1.00,1.00
2015.04.06 20:00:18.536,0.90242,0.9027,1.00,1.27
2015.04.06 20:00:18.586,0.90242,0.90265,1.00,1.00
2015.04.06 20:00:19.208,0.90245,0.90265,1.00,1.00
2015.04.06 20:00:19.258,0.90245,0.90268,1.00,1.00
2015.04.06 20:00:19.410,0.90243,0.90268,1.00,1.20
2015.04.06 20:00:19.460,0.90243,0.90265,1.00,1.00
2015.04.06 20:00:20.065,0.90244,0.90265,1.00,1.00
2015.04.06 20:00:20.115,0.90244,0.90268,1.00,1.00
2015.04.06 20:00:20.266,0.90244,0.90265,1.00,1.00
2015.04.06 20:00:20.317,0.90242,0.90265,1.00,1.00
2015.04.06 20:00:20.569,0.90242,0.90263,1.00,1.00
2015.04.06 20:00:20.620,0.90233,0.90263,1.87,1.00
2015.04.06 20:00:20.872,0.90239,0.90263,1.00,1.00
2015.04.06 20:00:21.024,0.90243,0.9027,1.00,1.15
2015.04.06 20:00:21.471,0.90243,0.90266,1.00,1.00
2015.04.06 20:00:22.028,0.90243,0.9027,1.12,1.00
2015.04.06 20:00:22.129,0.90243,0.90267,1.00,1.12
2015.04.06 20:00:22.769,0.90243,0.9027,1.12,1.00
2015.04.06 20:00:23.223,0.90242,0.90267,1.00,1.00
2015.04.06 20:00:23.737,0.90242,0.90267,1.37,1.00
2015.04.06 20:00:24.249,0.90242,0.90266,1.00,1.00
2015.04.06 20:00:24.758,0.90242,0.90268,1.00,1.00
2015.04.06 20:00:25.111,0.90242,0.90266,1.12,1.00
2015.04.06 20:00:25.801,0.90241,0.90269,1.37,1.00
2015.04.06 20:00:26.502,0.90241,0.90269,1.00,1.12
2015.04.06 20:00:27.006,0.9024,0.90269,1.37,1.00
2015.04.06 20:00:27.057,0.9024,0.90269,1.00,1.37
2015.04.06 20:00:27.158,0.90239,0.90266,1.00,1.00
2015.04.06 20:00:30.654,0.90237,0.90266,1.87,1.00
2015.04.06 20:00:31.188,0.90237,0.90266,1.87,1.00
2015.04.06 20:00:35.941,0.90238,0.90266,1.00,1.00
2015.04.06 20:00:36.043,0.90235,0.90264,1.37,1.00
2015.04.06 20:00:36.144,0.90234,0.90264,1.12,1.55
2015.04.06 20:00:36.195,0.90233,0.9026,1.37,1.00
2015.04.06 20:00:36.405,0.90232,0.9026,1.12,1.00
2015.04.06 20:00:36.507,0.90232,0.9026,1.37,1.00
2015.04.06 20:00:36.930,0.90232,0.9026,1.37,1.00
2015.04.06 20:00:38.642,0.90231,0.9026,2.25,1.00
2015.04.06 20:00:38.704,0.90234,0.90263,1.37,1.10
2015.04.06 20:00:41.968,0.90234,0.90263,1.87,1.10
2015.04.06 20:00:42.070,0.90236,0.90266,1.37,1.00
2015.04.06 20:00:43.465,0.90236,0.90266,1.50,1.00
2015.04.06 20:00:43.667,0.90236,0.90266,1.37,1.00
2015.04.06 20:00:46.337,0.90239,0.90266,1.00,1.00
2015.04.06 20:00:46.438,0.90242,0.90266,1.00,1.00
2015.04.06 20:00:46.893,0.90249,0.9027,1.00,1.00
2015.04.06 20:00:47.044,0.90253,0.9028,1.00,1.10
2015.04.06 20:00:47.562,0.90254,0.9028,1.00,1.10
2015.04.06 20:00:48.312,0.90252,0.9028,1.37,1.00
2015.04.06 20:00:48.675,0.90255,0.9028,1.00,1.00
2015.04.06 20:00:48.901,0.90253,0.9028,1.00,1.12
2015.04.06 20:00:49.203,0.90249,0.9028,1.00,1.47
2015.04.06 20:00:49.304,0.90247,0.90276,1.00,1.47
2015.04.06 20:00:49.406,0.90245,0.90274,1.00,1.12
2015.04.06 20:00:49.608,0.90245,0.90271,1.00,1.00
2015.04.06 20:00:52.971,0.90247,0.90271,1.00,1.00
2015.04.06 20:00:54.460,0.90245,0.90271,1.00,1.00
2015.04.06 20:00:56.261,0.90246,0.90276,1.00,1.00
2015.04.06 20:00:56.311,0.90249,0.90279,1.00,1.00
2015.04.06 20:00:56.614,0.90256,0.90279,1.00,1.00
2015.04.06 20:00:56.665,0.90248,0.90277,1.00,1.00
2015.04.06 20:00:56.766,0.90246,0.90273,1.00,1.00
2015.04.06 20:00:57.073,0.90246,0.90272,1.37,1.00
2015.04.06 20:00:57.553,0.90244,0.90272,1.95,1.00
2015.04.06 20:00:57.948,0.90244,0.90272,1.57,1.00
2015.04.06 20:00:58.396,0.90244,0.90272,1.95,1.00
2015.04.06 20:00:58.597,0.90244,0.90272,1.95,1.00
2015.04.06 20:00:59.092,0.90244,0.90272,1.95,1.00
2015.04.06 20:00:59.193,0.90244,0.90272,1.95,1.00
2015.04.06 20:00:59.294,0.90244,0.90272,1.95,1.00
2015.04.06 20:00:59.396,0.90246,0.90275,1.00,1.10
2015.04.06 20:00:59.850,0.90243,0.90271,1.37,1.00
2015.04.06 20:00:59.900,0.90243,0.90271,1.00,1.00
2015.04.06 20:00:59.951,0.9024,0.90268,2.02,1.00
2015.04.06 20:01:00.455,0.9024,0.90268,1.50,1.00
2015.04.06 20:01:00.758,0.90243,0.90268,1.00,1.00
2015.04.06 20:01:01.062,0.90245,0.90268,1.00,1.00
2015.04.06 20:01:01.382,0.90246,0.90271,1.00,1.10
2015.04.06 20:01:01.924,0.90246,0.90274,1.37,1.00
2015.04.06 20:01:02.508,0.90247,0.90274,1.37,1.00
2015.04.06 20:01:05.041,0.90247,0.90274,1.00,1.00
2015.04.06 20:01:10.300,0.90245,0.90274,1.87,1.00
2015.04.06 20:01:20.958,0.90245,0.90274,1.12,1.00
2015.04.06 20:01:21.391,0.90243,0.90271,1.12,1.00
2015.04.06 20:01:21.948,0.90243,0.90271,1.37,1.00
2015.04.06 20:01:24.498,0.90243,0.90271,1.37,1.00
2015.04.06 20:01:43.212,0.90243,0.90271,1.37,1.00
2015.04.06 20:01:50.519,0.90243,0.90271,1.12,1.00
2015.04.06 20:01:51.027,0.90243,0.90271,1.37,1.00
2015.04.06 20:02:03.921,0.90243,0.90271,1.37,1.00
2015.04.06 20:02:07.027,0.90243,0.90271,1.37,1.00
2015.04.06 20:02:13.635,0.90243,0.90271,1.37,1.00
2015.04.06 20:02:17.442,0.90243,0.90271,1.37,1.00
2015.04.06 20:02:21.498,0.90238,0.9028,1.90,3.45
2015.04.06 20:02:22.451,0.90238,0.9028,1.90,3.45
2015.04.06 20:02:22.690,0.90237,0.9028,1.90,4.20
2015.04.06 20:02:25.449,0.90237,0.9028,1.90,1.52
2015.04.06 20:02:28.661,0.90237,0.9028,2.40,1.52
2015.04.06 20:02:41.919,0.90235,0.90281,5.25,1.52
2015.04.06 20:02:42.828,0.90235,0.90278,3.07,2.70
2015.04.06 20:02:43.131,0.90232,0.90277,1.90,2.70
2015.04.06 20:02:43.640,0.90231,0.90277,3.07,2.32
2015.04.06 20:02:43.690,0.90231,0.90277,3.82,2.70
2015.04.06 20:02:45.634,0.90231,0.90277,4.57,2.70
2015.04.06 20:02:46.134,0.90234,0.90277,1.90,2.70
2015.04.06 20:02:46.637,0.90235,0.90277,1.90,2.70
2015.04.06 20:02:47.149,0.90236,0.90275,1.92,1.15
2015.04.06 20:02:51.102,0.90235,0.90277,1.90,2.70
2015.04.06 20:02:54.951,0.90231,0.90277,3.82,2.70
2015.04.06 20:02:55.052,0.90235,0.90277,1.90,2.70
2015.04.06 20:02:55.290,0.9024,0.9027,1.12,1.00
2015.04.06 20:02:56.014,0.90237,0.90266,1.10,1.00
2015.04.06 20:02:56.317,0.90235,0.90263,1.00,1.00
2015.04.06 20:03:05.045,0.90234,0.90264,1.10,1.00
2015.04.06 20:03:12.716,0.90238,0.90266,1.00,1.00
2015.04.06 20:03:36.191,0.90238,0.90266,1.37,1.00
2015.04.06 20:03:43.729,0.90238,0.90266,1.37,1.00
2015.04.06 20:03:51.197,0.90238,0.90266,1.37,1.00
2015.04.06 20:03:51.248,0.90241,0.9027,1.00,1.00
2015.04.06 20:03:52.099,0.90241,0.9027,1.37,1.00
2015.04.06 20:03:53.818,0.90241,0.9027,1.12,1.00
2015.04.06 20:03:56.150,0.90238,0.90268,1.37,1.00
2015.04.06 20:03:59.766,0.90238,0.90268,1.37,1.00
2015.04.06 20:04:00.357,0.90238,0.90268,1.37,1.00
2015.04.06 20:04:00.949,0.90238,0.90268,1.37,1.00
2015.04.06 20:04:04.878,0.90238,0.90268,1.00,1.00
2015.04.06 20:04:04.979,0.90235,0.90264,1.00,1.00
2015.04.06 20:04:11.112,0.90235,0.90264,1.07,1.00
2015.04.06 20:04:11.616,0.90236,0.90265,1.10,1.00
2015.04.06 20:04:12.103,0.90233,0.90263,1.47,1.00
2015.04.06 20:04:12.651,0.90241,0.90269,1.00,1.27
2015.04.06 20:04:17.846,0.90243,0.90272,1.00,1.52
2015.04.06 20:04:32.492,0.90243,0.90272,1.00,1.52
2015.04.06 20:04:55.027,0.90245,0.90274,1.00,3.07
2015.04.06 20:04:55.991,0.90249,0.90274,1.00,2.70
2015.04.06 20:04:56.042,0.90249,0.90277,1.00,1.52
2015.04.06 20:04:56.143,0.90252,0.90278,1.00,2.70
2015.04.06 20:04:56.244,0.90249,0.90277,1.00,1.52
2015.04.06 20:05:16.211,0.90249,0.90276,1.00,2.70
2015.04.06 20:05:16.567,0.90246,0.90275,1.00,2.02
2015.04.06 20:05:17.198,0.90246,0.90272,1.00,2.32
2015.04.06 20:05:27.819,0.90239,0.9027,1.00,1.52
2015.04.06 20:05:27.920,0.90239,0.90268,1.00,2.70
2015.04.06 20:05:28.022,0.90237,0.90267,1.00,1.52
2015.04.06 20:05:48.400,0.90237,0.90267,1.00,1.52
2015.04.06 20:06:05.840,0.90241,0.90269,1.00,1.65
2015.04.06 20:06:06.390,0.90239,0.90267,1.00,1.52
2015.04.06 20:06:18.989,0.90239,0.90267,1.00,1.15
2015.04.06 20:06:25.577,0.90243,0.9027,1.00,1.15
2015.04.06 20:06:25.678,0.90243,0.90272,1.00,1.52
2015.04.06 20:06:36.695,0.90243,0.9027,1.00,1.47
2015.04.06 20:06:36.797,0.9024,0.90269,1.00,1.12
2015.04.06 20:06:37.344,0.9024,0.90269,1.00,1.37
2015.04.06 20:06:37.446,0.90238,0.90266,1.00,1.55
2015.04.06 20:06:39.145,0.90238,0.90266,1.00,1.55
2015.04.06 20:06:39.246,0.90238,0.90266,1.00,1.27
2015.04.06 20:06:43.275,0.9024,0.90269,1.00,1.52
2015.04.06 20:07:09.275,0.9024,0.90269,1.00,1.52
2015.04.06 20:07:13.487,0.9024,0.90265,1.00,1.00
2015.04.06 20:07:18.664,0.9024,0.90269,1.00,2.02
2015.04.06 20:07:22.580,0.9024,0.90268,1.12,1.07
2015.04.06 20:07:22.884,0.90248,0.9027,1.00,1.10
2015.04.06 20:07:23.975,0.90244,0.9027,1.00,1.10
2015.04.06 20:07:24.531,0.90243,0.9027,1.00,1.10
2015.04.06 20:07:29.261,0.90243,0.90271,1.00,2.02
2015.04.06 20:07:44.862,0.90243,0.90271,1.00,1.52
2015.04.06 20:07:47.425,0.90243,0.90271,1.00,1.52
2015.04.06 20:07:58.904,0.90243,0.90271,1.37,1.15
2015.04.06 20:07:59.544,0.90245,0.90273,1.00,1.87
2015.04.06 20:07:59.815,0.90245,0.90273,1.00,1.37
2015.04.06 20:08:03.939,0.90245,0.90273,1.00,1.47
2015.04.06 20:08:05.688,0.90245,0.90273,1.12,1.57
2015.04.06 20:08:05.739,0.90248,0.90276,1.00,1.52
2015.04.06 20:08:05.840,0.90248,0.90276,1.37,1.00
2015.04.06 20:08:05.941,0.90254,0.90278,1.37,1.00
2015.04.06 20:08:06.042,0.90257,0.90284,1.00,1.15
2015.04.06 20:08:06.143,0.9026,0.90284,1.00,1.12
2015.04.06 20:08:06.451,0.90257,0.90286,1.00,1.52
2015.04.06 20:08:09.342,0.9026,0.90287,1.00,2.02
2015.04.06 20:08:11.468,0.90257,0.90286,1.00,1.52
2015.04.06 20:08:27.405,0.90257,0.90286,1.00,1.52
2015.04.06 20:08:29.506,0.90254,0.90282,1.00,1.17
2015.04.06 20:08:29.607,0.90254,0.9028,1.00,1.27
2015.04.06 20:08:29.909,0.90246,0.90275,1.00,3.07
2015.04.06 20:08:30.161,0.9024,0.90269,1.00,1.10
2015.04.06 20:08:30.212,0.9024,0.90269,1.00,1.15
2015.04.06 20:08:30.671,0.90238,0.90266,1.00,1.17
2015.04.06 20:08:32.879,0.90242,0.90271,1.00,2.32
2015.04.06 20:08:32.930,0.90242,0.90272,1.37,1.15
2015.04.06 20:08:32.981,0.90248,0.90275,1.00,2.32
2015.04.06 20:08:33.031,0.90248,0.90276,1.00,1.17
2015.04.06 20:08:33.132,0.90251,0.90279,1.00,1.57
2015.04.06 20:08:37.490,0.90248,0.90277,1.00,1.00
2015.04.06 20:08:37.754,0.90253,0.90281,1.00,1.15
2015.04.06 20:08:38.156,0.90249,0.90277,1.00,1.00
2015.04.06 20:08:44.315,0.90249,0.90277,1.00,1.07
2015.04.06 20:08:44.467,0.90252,0.90281,1.00,1.15
2015.04.06 20:08:44.573,0.90249,0.90278,1.00,1.15
2015.04.06 20:08:50.377,0.90252,0.90281,1.00,1.15
2015.04.06 20:08:50.477,0.90249,0.90278,1.00,1.15
2015.04.06 20:08:54.545,0.90252,0.90281,1.00,1.15
2015.04.06 20:08:54.898,0.9025,0.90278,1.00,1.15
2015.04.06 20:09:00.173,0.90247,0.90276,1.00,1.10
2015.04.06 20:09:01.613,0.90252,0.90281,1.00,1.15
2015.04.06 20:09:01.715,0.90248,0.90279,1.00,1.15
2015.04.06 20:09:02.220,0.90247,0.90276,1.00,1.10
2015.04.06 20:09:02.271,0.90251,0.90282,1.00,3.07
2015.04.06 20:09:02.372,0.90249,0.90278,1.00,1.15
2015.04.06 20:09:04.334,0.90249,0.90278,1.00,1.17
2015.04.06 20:09:04.902,0.90249,0.90278,1.00,1.10
2015.04.06 20:09:06.558,0.90256,0.90284,1.00,1.52
2015.04.06 20:09:06.659,0.90252,0.90281,1.00,1.00
2015.04.06 20:09:07.380,0.90252,0.90281,1.00,1.37
2015.04.06 20:09:07.927,0.90252,0.90281,1.00,1.00
2015.04.06 20:09:08.990,0.90252,0.90281,1.00,1.37
2015.04.06 20:09:09.913,0.90252,0.90281,1.37,1.00
2015.04.06 20:09:10.219,0.90252,0.90281,1.47,1.00
2015.04.06 20:09:10.521,0.90252,0.90281,1.85,1.00
2015.04.06 20:09:10.622,0.90257,0.90286,1.37,1.10
2015.04.06 20:09:10.724,0.9026,0.9029,1.50,1.07
2015.04.06 20:09:10.774,0.9026,0.9029,1.57,1.10
2015.04.06 20:09:10.876,0.90263,0.90292,1.37,1.00
2015.04.06 20:09:11.128,0.90263,0.90292,1.75,1.00
2015.04.06 20:09:11.180,0.90266,0.90296,1.37,1.07
2015.04.06 20:09:11.230,0.90266,0.90296,1.75,1.07
2015.04.06 20:09:11.853,0.90272,0.90299,1.12,1.00
2015.04.06 20:09:11.955,0.90272,0.90299,1.37,1.00
2015.04.06 20:09:12.056,0.90272,0.90299,1.00,1.00
2015.04.06 20:09:12.157,0.90272,0.90299,1.00,1.37
2015.04.06 20:09:12.258,0.9027,0.90298,1.00,1.87
2015.04.06 20:09:12.359,0.90264,0.90292,1.20,1.00
2015.04.06 20:09:12.561,0.90264,0.90292,1.65,1.00
2015.04.06 20:09:12.611,0.9027,0.90296,1.00,1.00
2015.04.06 20:09:12.712,0.9027,0.90298,1.00,1.00
2015.04.06 20:09:12.933,0.9027,0.90298,1.37,1.00
2015.04.06 20:09:13.276,0.90266,0.90295,1.75,1.00
2015.04.06 20:09:13.377,0.90272,0.90299,1.00,1.00
2015.04.06 20:09:13.579,0.9027,0.90299,1.00,2.62
2015.04.06 20:09:13.680,0.90268,0.90297,1.00,1.12
2015.04.06 20:09:13.934,0.9027,0.90299,1.00,2.62
2015.04.06 20:09:14.236,0.90272,0.90299,1.37,1.00
2015.04.06 20:09:14.551,0.90266,0.90295,1.75,1.00
2015.04.06 20:09:14.602,0.9027,0.90299,1.37,1.50
2015.04.06 20:09:14.946,0.90268,0.90299,1.00,1.00
2015.04.06 20:09:15.148,0.90266,0.90299,1.00,1.37
2015.04.06 20:09:15.450,0.90266,0.90299,1.50,1.50
2015.04.06 20:09:15.753,0.90272,0.90299,1.37,1.00
2015.04.06 20:09:16.006,0.90267,0.903,1.65,1.00
2015.04.06 20:09:16.510,0.90266,0.90299,1.90,1.50
2015.04.06 20:09:16.966,0.90266,0.90299,2.40,1.00
2015.04.06 20:09:17.780,0.9027,0.90299,1.37,1.00
2015.04.06 20:09:18.096,0.90268,0.90299,1.55,1.00
2015.04.06 20:09:18.299,0.90268,0.90299,1.00,2.02
2015.04.06 20:09:18.753,0.90265,0.90298,1.00,1.10
2015.04.06 20:09:19.106,0.90265,0.90294,1.00,1.00
2015.04.06 20:09:19.610,0.90262,0.90294,1.15,1.00
2015.04.06 20:09:21.971,0.90262,0.90295,1.52,1.00
2015.04.06 20:09:22.373,0.90266,0.90296,1.00,1.50
2015.04.06 20:09:22.727,0.90261,0.90296,1.27,2.25
2015.04.06 20:09:23.045,0.90266,0.90296,1.00,1.50
2015.04.06 20:09:23.358,0.9026,0.90294,1.15,1.00
2015.04.06 20:09:25.585,0.90263,0.90296,1.17,1.87
2015.04.06 20:09:26.211,0.90263,0.90295,1.17,1.00
2015.04.06 20:09:26.872,0.90263,0.90296,1.17,1.87
2015.04.06 20:09:28.816,0.90263,0.90296,1.17,1.87
2015.04.06 20:09:29.899,0.90263,0.90295,1.00,1.27
2015.04.06 20:09:30.101,0.90265,0.90294,1.00,1.10
2015.04.06 20:09:30.403,0.90267,0.90295,1.00,1.65
2015.04.06 20:09:31.042,0.90268,0.90295,1.00,1.65
2015.04.06 20:09:31.698,0.90267,0.90295,1.00,1.65
2015.04.06 20:09:38.427,0.90265,0.90295,1.00,1.27
2015.04.06 20:09:38.679,0.90262,0.90295,1.37,1.27
2015.04.06 20:09:44.492,0.90262,0.90295,1.00,1.17
2015.04.06 20:09:50.410,0.90262,0.90295,1.20,1.47
2015.04.06 20:09:55.507,0.90262,0.90295,1.17,1.00
2015.04.06 20:09:59.844,0.90262,0.90295,1.27,1.37
2015.04.06 20:10:00.249,0.9027,0.90298,1.00,1.52
2015.04.06 20:10:00.350,0.90266,0.90295,1.00,1.00
2015.04.06 20:10:00.895,0.90266,0.90295,1.37,1.00
2015.04.06 20:10:01.571,0.90268,0.90295,1.00,1.00
2015.04.06 20:10:06.302,0.90268,0.90296,1.00,1.00
2015.04.06 20:10:07.156,0.90266,0.90296,1.47,1.00
2015.04.06 20:10:07.359,0.9027,0.903,1.00,1.20
2015.04.06 20:10:09.271,0.9027,0.903,1.00,1.47
2015.04.06 20:10:30.174,0.9027,0.903,1.00,1.55
2015.04.06 20:10:48.435,0.9027,0.903,1.00,1.52
2015.04.06 20:10:48.642,0.90267,0.90295,1.00,1.00
2015.04.06 20:10:53.296,0.90267,0.9029,1.00,1.00
2015.04.06 20:11:05.151,0.90267,0.90291,1.00,1.00
2015.04.06 20:11:10.563,0.90267,0.9029,1.00,1.00
2015.04.06 20:11:10.984,0.90263,0.9029,1.00,1.00
2015.04.06 20:11:19.702,0.90263,0.90293,1.00,1.12
2015.04.06 20:11:21.020,0.90263,0.90293,1.00,1.20
2015.04.06 20:11:21.523,0.90263,0.90293,1.00,1.52
2015.04.06 20:11:22.535,0.90263,0.9029,1.00,1.00
2015.04.06 20:11:22.636,0.9026,0.9029,1.00,1.87
2015.04.06 20:11:25.838,0.9026,0.9029,1.00,1.95
2015.04.06 20:11:25.940,0.90257,0.90288,1.00,1.27
2015.04.06 20:11:25.990,0.90257,0.90288,1.00,1.55
2015.04.06 20:11:26.243,0.90252,0.90281,1.00,1.00
2015.04.06 20:11:30.443,0.9025,0.90279,1.00,1.00
2015.04.06 20:11:32.402,0.90253,0.9028,1.00,1.00
2015.04.06 20:11:32.453,0.90253,0.90283,1.00,1.20
2015.04.06 20:11:32.709,0.90253,0.90283,1.00,1.95
2015.04.06 20:11:32.760,0.90251,0.9028,1.00,1.20
2015.04.06 20:11:33.606,0.9024,0.90268,2.32,1.37
2015.04.06 20:11:33.708,0.9024,0.90271,1.07,1.12
2015.04.06 20:11:33.809,0.9024,0.90271,1.00,1.12
2015.04.06 20:11:33.910,0.9024,0.90271,1.00,1.20
2015.04.06 20:11:34.254,0.90246,0.90275,1.00,1.00
2015.04.06 20:11:34.557,0.90248,0.90277,1.27,1.00
2015.04.06 20:11:34.962,0.90251,0.9028,1.10,1.00
2015.04.06 20:11:35.162,0.90247,0.90277,1.27,1.00
2015.04.06 20:11:35.915,0.90247,0.90277,1.27,1.00
2015.04.06 20:11:35.966,0.90247,0.90277,1.20,1.00
2015.04.06 20:11:37.017,0.90245,0.90274,1.17,1.00
2015.04.06 20:11:37.118,0.90245,0.90274,1.10,1.00
2015.04.06 20:11:37.711,0.9025,0.9028,1.00,1.07
2015.04.06 20:11:37.762,0.9025,0.9028,1.00,1.00
2015.04.06 20:11:37.812,0.90253,0.90283,1.00,1.15
2015.04.06 20:11:38.573,0.90251,0.9028,1.00,1.00
2015.04.06 20:11:48.052,0.90248,0.90277,1.15,1.00
2015.04.06 20:11:48.357,0.9025,0.9028,1.07,1.00
2015.04.06 20:11:48.710,0.90253,0.9028,1.00,1.00
2015.04.06 20:11:52.119,0.9025,0.90279,1.00,1.17
2015.04.06 20:11:52.320,0.90246,0.90276,1.00,1.15
2015.04.06 20:11:52.421,0.90243,0.90273,1.00,1.00
2015.04.06 20:11:53.223,0.90246,0.90275,1.00,1.20
2015.04.06 20:11:53.540,0.90243,0.90272,1.00,1.00
2015.04.06 20:11:54.167,0.90247,0.90277,1.00,1.15
2015.04.06 20:11:56.282,0.90243,0.90273,1.00,1.00
2015.04.06 20:11:59.777,0.90245,0.90275,1.00,1.20
2015.04.06 20:12:00.237,0.9024,0.9027,1.00,1.00
2015.04.06 20:12:04.261,0.9024,0.9027,1.00,1.15
2015.04.06 20:12:09.145,0.90243,0.90272,1.00,1.17
2015.04.06 20:12:10.556,0.90238,0.90264,1.20,1.00
2015.04.06 20:12:14.152,0.90239,0.90264,1.00,1.00
2015.04.06 20:12:14.762,0.90239,0.90264,1.37,1.00
2015.04.06 20:12:21.975,0.90239,0.90264,1.00,1.00
2015.04.06 20:12:24.247,0.90239,0.90267,1.00,1.00
2015.04.06 20:12:25.469,0.90238,0.90267,1.57,1.00
2015.04.06 20:12:29.346,0.90238,0.90267,1.65,1.00
2015.04.06 20:12:35.121,0.90238,0.90264,1.15,1.00
2015.04.06 20:12:41.272,0.90239,0.90268,1.20,1.00
2015.04.06 20:12:41.374,0.90238,0.90264,1.15,1.00
2015.04.06 20:12:41.525,0.90239,0.90268,1.20,1.00
2015.04.06 20:12:41.626,0.90238,0.90263,1.15,1.00
2015.04.06 20:12:42.164,0.90238,0.90262,1.15,1.00
2015.04.06 20:12:42.624,0.90239,0.90268,1.20,1.00
2015.04.06 20:12:42.725,0.90238,0.90264,1.15,1.00
2015.04.06 20:12:43.076,0.90238,0.90269,1.65,1.00
2015.04.06 20:12:43.127,0.90238,0.90262,1.15,1.00
2015.04.06 20:12:46.582,0.90239,0.90268,1.20,1.00
2015.04.06 20:12:46.683,0.90238,0.90264,1.15,1.00
2015.04.06 20:12:46.866,0.90239,0.90268,1.20,1.00
2015.04.06 20:12:47.118,0.90238,0.90262,1.15,1.00
2015.04.06 20:13:01.640,0.90234,0.90262,2.02,1.00
2015.04.06 20:13:01.690,0.90234,0.90262,2.02,1.00
2015.04.06 20:13:04.572,0.90234,0.90262,1.10,1.00
2015.04.06 20:13:04.623,0.90233,0.90257,1.00,1.00
2015.04.06 20:13:04.674,0.90228,0.90257,1.52,1.00
2015.04.06 20:13:04.775,0.90231,0.90259,1.00,1.00
2015.04.06 20:13:04.926,0.90236,0.90264,1.00,1.00
2015.04.06 20:13:05.431,0.90234,0.90263,1.55,1.00
2015.04.06 20:13:06.120,0.90232,0.9026,2.02,1.00
2015.04.06 20:13:06.272,0.9023,0.90258,1.27,1.00
2015.04.06 20:13:06.323,0.9023,0.90258,1.55,1.00
2015.04.06 20:13:06.373,0.90233,0.90261,1.37,1.00
2015.04.06 20:13:06.921,0.90233,0.90261,1.37,1.00
2015.04.06 20:13:11.261,0.90233,0.90261,1.12,1.00
2015.04.06 20:13:14.184,0.9023,0.90258,1.55,1.00
2015.04.06 20:13:14.733,0.9023,0.90258,2.02,1.00
2015.04.06 20:13:15.270,0.90228,0.90257,1.07,1.00
2015.04.06 20:13:15.321,0.90227,0.90257,1.87,1.00
2015.04.06 20:13:15.372,0.90227,0.90257,1.87,1.00
2015.04.06 20:13:15.876,0.9023,0.90257,1.45,1.00
2015.04.06 20:13:16.178,0.90233,0.90258,1.00,1.00
2015.04.06 20:13:18.195,0.90234,0.90258,1.00,1.00
2015.04.06 20:13:18.246,0.90234,0.90263,1.00,1.00
2015.04.06 20:13:19.287,0.90235,0.90263,1.00,1.00
2015.04.06 20:13:20.294,0.90234,0.90263,1.00,1.00
2015.04.06 20:13:22.157,0.90236,0.90263,1.00,1.00
2015.04.06 20:13:22.487,0.90234,0.90263,1.00,1.00
2015.04.06 20:13:26.451,0.90233,0.90263,1.65,1.00
2015.04.06 20:13:27.351,0.90232,0.9026,1.00,1.00
2015.04.06 20:13:27.603,0.90228,0.90257,1.50,1.00
2015.04.06 20:13:28.442,0.90228,0.90257,1.37,1.00
2015.04.06 20:13:28.543,0.90228,0.90257,1.37,1.00
2015.04.06 20:13:33.663,0.90226,0.90255,1.10,1.00
2015.04.06 20:13:36.586,0.90225,0.90252,1.17,1.00
2015.04.06 20:13:43.441,0.90224,0.90252,1.50,1.00
2015.04.06 20:13:44.089,0.90225,0.90252,1.00,1.00
2015.04.06 20:13:44.613,0.90224,0.90252,1.00,1.00
2015.04.06 20:13:45.649,0.90225,0.90256,1.00,1.10
2015.04.06 20:13:46.209,0.90226,0.90256,1.10,1.00
2015.04.06 20:13:51.391,0.90225,0.90256,1.55,1.00
2015.04.06 20:13:53.005,0.90225,0.90256,1.55,1.00
2015.04.06 20:13:54.940,0.90225,0.90256,1.00,1.10
2015.04.06 20:14:02.545,0.90223,0.90251,1.37,1.00
2015.04.06 20:14:15.381,0.90223,0.90251,1.00,1.00
2015.04.06 20:14:16.119,0.90223,0.90251,1.37,1.00
2015.04.06 20:14:16.422,0.90223,0.90251,1.37,1.00
2015.04.06 20:14:17.219,0.90223,0.90251,1.12,1.00
2015.04.06 20:14:20.936,0.9022,0.90248,1.37,1.10
2015.04.06 20:14:21.441,0.90217,0.90247,1.12,1.15
2015.04.06 20:14:21.945,0.90215,0.90244,1.12,1.17
2015.04.06 20:14:22.751,0.90215,0.90244,1.37,1.17
2015.04.06 20:14:22.938,0.90217,0.90247,1.37,1.07
2015.04.06 20:14:22.989,0.90217,0.90247,1.37,1.00
2015.04.06 20:14:23.141,0.9022,0.90248,1.37,1.00
2015.04.06 20:14:23.358,0.90222,0.9025,1.00,1.00
2015.04.06 20:14:33.130,0.90227,0.90256,1.00,1.15
2015.04.06 20:14:43.217,0.90228,0.90256,1.00,1.15
2015.04.06 20:14:43.520,0.90233,0.90262,1.00,1.15
2015.04.06 20:14:44.034,0.9023,0.90258,1.00,1.10
2015.04.06 20:14:44.673,0.9023,0.90258,1.00,1.07
2015.04.06 20:14:44.723,0.90227,0.90256,1.00,1.15
2015.04.06 20:14:45.225,0.90225,0.90253,1.00,1.00
2015.04.06 20:14:55.025,0.90228,0.90256,1.00,1.15
2015.04.06 20:15:00.188,0.90233,0.90261,1.00,2.32
2015.04.06 20:15:00.238,0.90233,0.90262,1.00,1.15
2015.04.06 20:15:09.214,0.9023,0.9026,1.00,1.27
2015.04.06 20:15:09.365,0.90228,0.90257,1.00,1.00
2015.04.06 20:15:09.416,0.90228,0.90257,1.00,1.15
2015.04.06 20:15:10.098,0.90228,0.90257,1.00,1.45
2015.04.06 20:15:10.149,0.90228,0.90257,1.00,1.37
2015.04.06 20:15:15.151,0.90228,0.90257,1.00,1.37
2015.04.06 20:15:15.251,0.90228,0.90257,1.00,1.37
2015.04.06 20:15:15.476,0.90224,0.90252,1.20,1.00
2015.04.06 20:15:15.937,0.90221,0.9025,1.10,1.00
2015.04.06 20:15:16.368,0.90226,0.90254,1.00,1.37
2015.04.06 20:15:16.948,0.90226,0.90254,1.00,1.00
2015.04.06 20:15:41.298,0.90226,0.90254,1.00,1.07
2015.04.06 20:15:41.551,0.90223,0.90252,1.00,1.55
2015.04.06 20:15:50.326,0.90223,0.90252,1.00,1.15
2015.04.06 20:15:50.590,0.90218,0.90247,1.00,1.20
2015.04.06 20:15:51.478,0.90221,0.9025,1.00,1.10
2015.04.06 20:15:56.889,0.90222,0.9025,1.00,1.10
2015.04.06 20:15:56.991,0.90223,0.90252,1.00,1.00
2015.04.06 20:15:57.192,0.90226,0.90254,1.00,1.00
2015.04.06 20:15:57.495,0.90228,0.90254,1.00,1.00
2015.04.06 20:15:57.827,0.90231,0.90259,1.00,1.00
2015.04.06 20:15:58.079,0.90229,0.90256,1.00,1.00
2015.04.06 20:16:02.118,0.90231,0.90259,1.00,1.00
2015.04.06 20:16:03.967,0.90226,0.90254,1.00,1.00
2015.04.06 20:16:24.759,0.90226,0.90254,1.00,3.07
2015.04.06 20:16:24.810,0.90221,0.90252,1.00,1.15
2015.04.06 20:16:24.911,0.90219,0.9025,1.00,1.15
2015.04.06 20:16:29.557,0.90219,0.9025,1.10,1.00
2015.04.06 20:16:33.596,0.9022,0.9025,1.00,1.00
2015.04.06 20:16:33.798,0.90223,0.90252,1.10,1.00
2015.04.06 20:16:43.427,0.90233,0.90252,1.00,1.00
2015.04.06 20:16:43.585,0.90233,0.90255,1.00,1.00
2015.04.06 20:16:44.167,0.90234,0.90255,1.00,1.00
2015.04.06 20:16:50.075,0.90234,0.90261,1.00,1.52
2015.04.06 20:16:54.299,0.90234,0.90261,1.00,1.52
2015.04.06 20:16:54.375,0.90234,0.90261,1.00,1.55
2015.04.06 20:16:57.715,0.90234,0.90261,1.00,1.55
2015.04.06 20:17:06.352,0.90234,0.9026,1.00,1.47
2015.04.06 20:17:20.172,0.90233,0.90261,1.50,1.52
2015.04.06 20:17:20.892,0.90232,0.90259,1.00,1.92
2015.04.06 20:17:20.943,0.9023,0.90259,1.00,1.92
2015.04.06 20:17:21.777,0.90231,0.90259,1.00,3.45
2015.04.06 20:17:30.335,0.90233,0.90259,1.00,2.70
2015.04.06 20:17:34.700,0.90233,0.9026,1.50,2.70
2015.04.06 20:17:34.750,0.90233,0.90262,1.50,1.52
2015.04.06 20:17:55.306,0.90233,0.90262,1.50,2.02
2015.04.06 20:17:57.042,0.90233,0.90262,1.50,2.40
2015.04.06 20:18:00.650,0.90234,0.90262,1.00,2.40
2015.04.06 20:18:00.702,0.90234,0.90262,1.00,2.02
2015.04.06 20:18:01.293,0.90236,0.90262,1.00,1.52
2015.04.06 20:18:01.797,0.90237,0.90264,1.00,1.55
2015.04.06 20:18:13.374,0.90239,0.90264,1.00,2.02
2015.04.06 20:18:13.727,0.90241,0.90264,1.00,1.55
2015.04.06 20:18:14.030,0.90243,0.9026,1.00,1.00
2015.04.06 20:18:14.081,0.90243,0.90267,1.00,1.57
2015.04.06 20:18:14.232,0.90243,0.90264,1.00,1.00
2015.04.06 20:18:14.753,0.90243,0.90265,1.00,1.00
2015.04.06 20:18:14.803,0.90243,0.90265,1.00,1.37
2015.04.06 20:18:14.905,0.90243,0.90266,1.00,1.37
2015.04.06 20:18:15.006,0.90242,0.90269,1.00,1.12
2015.04.06 20:18:15.057,0.90246,0.90269,1.00,1.12
2015.04.06 20:18:15.716,0.90247,0.9027,1.00,1.00
2015.04.06 20:18:16.375,0.90247,0.90272,1.00,1.55
2015.04.06 20:18:16.882,0.90247,0.9027,1.00,1.50
2015.04.06 20:18:17.184,0.90241,0.9027,1.50,3.00
2015.04.06 20:18:18.098,0.90243,0.9027,1.00,2.25
2015.04.06 20:18:18.604,0.90242,0.90267,1.00,1.37
2015.04.06 20:18:29.332,0.90242,0.9027,1.50,1.90
2015.04.06 20:18:29.635,0.90244,0.9027,1.00,1.52
2015.04.06 20:18:30.225,0.90244,0.9027,1.00,1.15
2015.04.06 20:18:33.832,0.90244,0.9027,1.00,1.52
2015.04.06 20:18:40.534,0.90243,0.9027,1.00,1.52
2015.04.06 20:18:43.822,0.90243,0.90266,1.00,1.00
2015.04.06 20:18:57.293,0.90243,0.9027,1.00,1.15
2015.04.06 20:18:57.403,0.90243,0.90266,1.00,1.00
2015.04.06 20:18:58.085,0.90243,0.9027,1.00,1.15
2015.04.06 20:19:09.577,0.90241,0.9027,1.00,1.27
2015.04.06 20:19:10.343,0.9024,0.9027,1.00,1.52
2015.04.06 20:19:17.714,0.9024,0.9027,1.00,1.52
2015.04.06 20:19:18.353,0.9024,0.9027,1.00,1.52
2015.04.06 20:19:20.244,0.90243,0.9027,1.00,1.52
2015.04.06 20:19:23.414,0.90243,0.9027,1.00,2.40
2015.04.06 20:19:23.465,0.90239,0.9027,1.50,2.40
2015.04.06 20:19:23.684,0.90243,0.9027,1.00,1.90
2015.04.06 20:19:24.395,0.90243,0.90271,1.50,3.82
2015.04.06 20:19:52.819,0.90245,0.9027,1.00,1.90
2015.04.06 20:19:55.671,0.90243,0.9027,1.50,2.40
2015.04.06 20:19:55.923,0.90241,0.90265,1.00,1.37
2015.04.06 20:19:56.126,0.90244,0.90265,1.00,1.37
2015.04.06 20:19:56.481,0.90242,0.90265,1.00,1.37
2015.04.06 20:19:57.066,0.90242,0.90265,1.00,1.37
2015.04.06 20:19:59.921,0.90242,0.90265,1.00,1.55
2015.04.06 20:20:00.721,0.90242,0.90265,1.00,1.55
2015.04.06 20:20:08.452,0.90242,0.90266,1.00,1.52
2015.04.06 20:20:14.602,0.9024,0.90265,1.00,1.27
2015.04.06 20:20:14.804,0.9024,0.90269,1.00,1.90
2015.04.06 20:20:15.283,0.90238,0.90266,1.50,1.52
2015.04.06 20:20:16.253,0.90239,0.90266,1.00,1.52
2015.04.06 20:20:17.122,0.90242,0.90266,1.00,1.52
2015.04.06 20:20:17.273,0.90238,0.90266,1.50,2.40
2015.04.06 20:20:17.677,0.90233,0.90264,1.50,2.02
2015.04.06 20:20:17.728,0.90233,0.90261,1.00,1.47
2015.04.06 20:20:18.030,0.90235,0.90261,1.00,1.52
2015.04.06 20:20:18.235,0.90232,0.90261,1.00,1.65
2015.04.06 20:20:18.927,0.90232,0.90259,1.50,1.65
2015.04.06 20:20:19.404,0.90232,0.90259,1.50,1.52
2015.04.06 20:20:20.410,0.90232,0.90259,1.50,1.65
2015.04.06 20:20:21.436,0.90232,0.90259,1.00,1.52
2015.04.06 20:20:22.756,0.90236,0.90259,1.00,1.45
2015.04.06 20:20:22.807,0.90236,0.9026,1.00,1.47
2015.04.06 20:20:23.059,0.9024,0.90261,1.00,1.27
2015.04.06 20:20:23.362,0.90244,0.90261,1.00,1.00
2015.04.06 20:20:23.463,0.90245,0.90267,1.00,1.45
2015.04.06 20:20:26.353,0.90244,0.90267,1.00,1.37
2015.04.06 20:20:28.036,0.90243,0.90267,1.00,1.37
2015.04.06 20:20:28.197,0.90243,0.90262,1.00,1.00
2015.04.06 20:20:28.476,0.9024,0.90262,1.50,1.00
2015.04.06 20:20:28.918,0.90243,0.90261,1.00,1.00
2015.04.06 20:20:29.019,0.90241,0.90262,1.00,1.00
2015.04.06 20:20:29.614,0.90241,0.90261,1.00,1.00
2015.04.06 20:20:30.654,0.90243,0.90261,1.00,1.00
2015.04.06 20:20:31.012,0.90243,0.90263,1.00,1.00
2015.04.06 20:20:31.695,0.90243,0.90264,1.00,1.12
2015.04.06 20:20:32.688,0.90243,0.90263,1.00,1.00
2015.04.06 20:20:33.869,0.90244,0.90263,1.00,1.00
2015.04.06 20:20:42.646,0.90243,0.90263,1.00,1.00
2015.04.06 20:20:42.974,0.90241,0.90263,1.00,1.00
2015.04.06 20:20:43.261,0.90243,0.90264,1.00,1.12
2015.04.06 20:20:43.721,0.90241,0.90263,1.00,1.00
2015.04.06 20:20:44.223,0.90243,0.90263,1.00,1.00
2015.04.06 20:20:44.720,0.90243,0.90265,1.00,1.00
2015.04.06 20:20:45.270,0.90243,0.90264,1.00,1.00
2015.04.06 20:20:45.774,0.90243,0.90263,1.00,1.00
2015.04.06 20:20:45.875,0.90241,0.90263,1.00,1.00
2015.04.06 20:20:46.422,0.90242,0.90263,1.00,1.00
2015.04.06 20:20:46.927,0.90241,0.90262,1.00,1.00
2015.04.06 20:20:51.336,0.90241,0.90263,1.00,1.00
2015.04.06 20:20:51.852,0.90241,0.90262,1.00,1.00
2015.04.06 20:20:52.358,0.90242,0.90263,1.00,1.00
2015.04.06 20:20:53.046,0.90242,0.90264,1.00,1.00
2015.04.06 20:20:53.555,0.90242,0.90265,1.00,1.00
2015.04.06 20:20:54.465,0.90242,0.90264,1.00,1.00
2015.04.06 20:20:55.323,0.90242,0.90262,1.00,1.00
2015.04.06 20:21:02.043,0.90243,0.90262,1.00,1.00
2015.04.06 20:21:03.142,0.90242,0.90262,1.00,1.00
2015.04.06 20:21:09.742,0.90243,0.90262,1.00,1.00
2015.04.06 20:21:10.512,0.90241,0.90262,1.00,1.00
2015.04.06 20:21:13.742,0.90243,0.90262,1.00,1.00
2015.04.06 20:21:14.138,0.90244,0.90264,1.00,1.00
2015.04.06 20:21:19.255,0.90243,0.90264,1.50,1.00
2015.04.06 20:21:46.473,0.90243,0.90263,1.00,1.00
2015.04.06 20:21:47.134,0.90243,0.90262,1.00,1.00
2015.04.06 20:21:47.387,0.9024,0.90262,1.00,1.37
2015.04.06 20:21:49.691,0.90239,0.90261,1.00,1.12
2015.04.06 20:21:50.102,0.90239,0.90259,1.00,1.00
2015.04.06 20:22:03.861,0.9024,0.90259,1.00,1.00
2015.04.06 20:22:11.942,0.90239,0.90259,1.00,1.00
2015.04.06 20:22:12.561,0.90237,0.90259,1.00,1.10
2015.04.06 20:22:16.855,0.90236,0.90259,1.00,1.10
2015.04.06 20:22:17.360,0.90237,0.90259,1.00,1.52
2015.04.06 20:22:17.410,0.90232,0.90257,1.00,1.15
2015.04.06 20:22:17.511,0.90229,0.90257,1.00,1.52
2015.04.06 20:22:17.612,0.90231,0.90257,1.00,1.52
2015.04.06 20:22:19.596,0.90232,0.90257,1.00,1.52
2015.04.06 20:22:19.926,0.90237,0.90257,1.00,1.12
2015.04.06 20:22:20.432,0.90238,0.90257,1.00,1.87
2015.04.06 20:22:21.198,0.90237,0.90257,1.00,1.87
2015.04.06 20:22:25.342,0.90239,0.90257,1.00,1.00
2015.04.06 20:22:26.427,0.9024,0.90257,1.00,1.00
2015.04.06 20:22:26.750,0.9024,0.90259,1.00,1.00
2015.04.06 20:22:27.311,0.90241,0.90259,1.00,1.00
2015.04.06 20:22:27.779,0.90239,0.90259,1.00,1.00
2015.04.06 20:22:29.601,0.90238,0.90259,1.00,1.00
2015.04.06 20:22:29.831,0.9024,0.90259,1.00,1.00
2015.04.06 20:22:30.440,0.90239,0.90259,1.00,1.00
2015.04.06 20:22:31.911,0.90241,0.90259,1.00,1.00
2015.04.06 20:22:32.900,0.90239,0.90259,1.00,1.00
2015.04.06 20:22:33.259,0.90242,0.90259,1.00,1.00
2015.04.06 20:22:33.462,0.90237,0.90259,1.00,1.10
2015.04.06 20:22:33.715,0.90242,0.90259,1.00,1.00
2015.04.06 20:22:34.265,0.90241,0.90259,1.00,1.00
2015.04.06 20:22:34.482,0.90239,0.90259,1.00,1.00
2015.04.06 20:22:34.781,0.90241,0.90259,1.00,1.00
2015.04.06 20:22:39.635,0.9024,0.90259,1.00,1.00
2015.04.06 20:22:46.531,0.9024,0.90261,1.00,1.37
2015.04.06 20:22:49.211,0.9024,0.90261,1.00,1.12
2015.04.06 20:22:49.915,0.90239,0.90261,1.00,1.12
2015.04.06 20:23:00.660,0.90239,0.90261,1.00,1.37
2015.04.06 20:23:00.964,0.90237,0.9026,1.00,1.00
2015.04.06 20:23:01.065,0.90236,0.90259,1.50,1.37
2015.04.06 20:23:01.267,0.90236,0.9026,1.00,1.00
2015.04.06 20:23:01.934,0.90236,0.90259,1.00,1.00
2015.04.06 20:23:03.189,0.90239,0.90259,1.00,1.00
2015.04.06 20:23:07.697,0.90236,0.90259,1.50,1.00
2015.04.06 20:23:08.474,0.90237,0.9026,1.00,1.12
2015.04.06 20:23:08.987,0.90237,0.90259,1.00,1.00
2015.04.06 20:23:11.155,0.90237,0.9026,1.00,1.12
2015.04.06 20:23:11.857,0.90237,0.90259,1.00,1.00
2015.04.06 20:23:12.281,0.90239,0.90259,1.00,1.37
2015.04.06 20:23:13.010,0.90239,0.9026,1.50,1.37
2015.04.06 20:23:13.393,0.90242,0.9026,1.00,1.00
2015.04.06 20:23:13.443,0.90242,0.90262,1.00,1.20
2015.04.06 20:23:13.947,0.90243,0.90262,1.00,1.00
2015.04.06 20:23:13.998,0.90243,0.90264,1.00,1.37
2015.04.06 20:23:14.666,0.90242,0.90264,1.50,1.37
2015.04.06 20:23:20.711,0.90242,0.90264,1.50,1.75
2015.04.06 20:23:20.763,0.90237,0.90264,1.50,1.90
2015.04.06 20:23:21.401,0.90237,0.90262,1.00,1.90
2015.04.06 20:23:21.553,0.90235,0.90261,1.00,1.90
2015.04.06 20:23:21.704,0.90234,0.90261,1.50,1.90
2015.04.06 20:23:22.311,0.90234,0.90257,1.50,1.00
2015.04.06 20:23:22.412,0.90234,0.90257,1.50,1.37
2015.04.06 20:23:22.613,0.9024,0.90263,1.00,1.57
2015.04.06 20:23:22.765,0.90242,0.90263,1.00,1.10
2015.04.06 20:23:23.301,0.90243,0.90263,1.00,1.10
2015.04.06 20:23:27.681,0.90245,0.90264,1.00,1.17
2015.04.06 20:23:30.443,0.90246,0.90264,1.00,1.00
2015.04.06 20:23:30.952,0.90247,0.90264,1.00,1.00
2015.04.06 20:23:31.138,0.90247,0.90269,1.00,2.02
2015.04.06 20:23:31.844,0.90247,0.90267,1.00,1.00
2015.04.06 20:23:33.975,0.90246,0.90267,1.00,1.00
2015.04.06 20:23:34.512,0.90246,0.90266,1.00,1.00
2015.04.06 20:23:35.031,0.90247,0.90266,1.00,1.00
2015.04.06 20:23:35.575,0.90246,0.90266,1.00,1.00
2015.04.06 20:23:40.563,0.90246,0.90266,1.00,1.37
2015.04.06 20:23:51.663,0.90247,0.90266,1.00,1.37
2015.04.06 20:23:54.007,0.90247,0.90266,1.00,1.00
2015.04.06 20:23:54.666,0.90246,0.90266,1.00,1.00
2015.04.06 20:23:57.215,0.90246,0.90266,1.00,1.37
2015.04.06 20:23:57.533,0.90246,0.90267,1.00,1.12
2015.04.06 20:23:57.617,0.90246,0.90267,1.00,1.37
2015.04.06 20:23:58.147,0.90245,0.90264,1.50,1.37
2015.04.06 20:23:59.224,0.90245,0.90264,1.00,1.37
2015.04.06 20:24:00.527,0.90245,0.90264,1.00,1.37
2015.04.06 20:24:09.196,0.90245,0.90264,1.00,1.00
2015.04.06 20:24:15.491,0.90245,0.90265,1.00,1.00
2015.04.06 20:24:29.667,0.90243,0.90265,1.00,1.12
2015.04.06 20:24:34.339,0.90242,0.90265,1.00,1.12
2015.04.06 20:24:39.717,0.90242,0.90265,1.00,1.37
2015.04.06 20:24:42.642,0.90242,0.90265,1.00,1.37
2015.04.06 20:24:43.297,0.90242,0.90264,1.00,1.37
2015.04.06 20:24:48.028,0.90242,0.90263,1.50,1.00
2015.04.06 20:24:48.586,0.90243,0.90264,1.00,1.37
2015.04.06 20:24:50.531,0.90243,0.90264,1.00,1.00
2015.04.06 20:24:51.157,0.90244,0.90264,1.00,1.00
2015.04.06 20:24:51.291,0.90242,0.90264,1.50,1.00
2015.04.06 20:24:51.861,0.90242,0.90263,1.00,1.00
2015.04.06 20:24:51.962,0.9024,0.90263,1.50,1.00
2015.04.06 20:24:52.658,0.9024,0.90263,1.50,1.37
2015.04.06 20:24:55.859,0.9024,0.90263,1.00,1.00
2015.04.06 20:24:56.034,0.90242,0.90263,1.00,1.00
2015.04.06 20:24:59.812,0.90242,0.90264,1.00,1.95
2015.04.06 20:25:00.791,0.90244,0.90264,1.00,1.57
2015.04.06 20:25:04.516,0.90244,0.90265,1.50,1.12
2015.04.06 20:25:08.842,0.90245,0.90265,1.00,1.12
2015.04.06 20:25:14.439,0.90244,0.90265,1.50,1.12
2015.04.06 20:25:18.335,0.90245,0.90265,1.00,1.12
2015.04.06 20:25:20.197,0.90245,0.90265,1.00,1.37
2015.04.06 20:25:23.691,0.90244,0.90266,1.50,1.87
2015.04.06 20:25:24.204,0.90244,0.90266,1.50,1.37
2015.04.06 20:25:25.566,0.90246,0.90266,1.00,1.37
2015.04.06 20:25:35.441,0.90246,0.90266,1.00,1.00
2015.04.06 20:25:35.945,0.90247,0.90265,1.00,1.00
2015.04.06 20:25:43.512,0.90246,0.90265,1.00,1.00
2015.04.06 20:25:43.815,0.90244,0.90263,1.00,1.00
2015.04.06 20:25:44.369,0.90244,0.90262,1.00,1.00
2015.04.06 20:25:55.138,0.90241,0.90262,1.00,1.00
2015.04.06 20:25:59.311,0.90241,0.90264,1.00,1.00
2015.04.06 20:26:15.127,0.90241,0.90265,1.00,1.00
2015.04.06 20:26:15.251,0.90245,0.90265,1.00,1.00
2015.04.06 20:26:25.984,0.90245,0.90265,1.00,1.37
2015.04.06 20:26:45.053,0.90245,0.90266,1.00,1.12
2015.04.06 20:26:46.467,0.90245,0.90267,1.00,1.12
2015.04.06 20:26:51.910,0.90245,0.90268,1.00,1.00
2015.04.06 20:27:05.455,0.90245,0.90268,1.00,1.37
2015.04.06 20:27:08.737,0.90245,0.90267,1.00,1.55
2015.04.06 20:27:12.600,0.90247,0.90265,1.00,1.50
2015.04.06 20:27:12.651,0.90247,0.90268,1.00,1.00
2015.04.06 20:27:12.702,0.9025,0.90268,1.00,1.00
2015.04.06 20:27:12.803,0.9025,0.90272,1.00,1.17
2015.04.06 20:27:12.954,0.9025,0.90274,1.00,1.00
2015.04.06 20:27:13.156,0.90252,0.90277,1.00,1.15
2015.04.06 20:27:22.459,0.90254,0.90277,1.00,1.15
2015.04.06 20:27:34.780,0.9025,0.90277,1.00,1.15
2015.04.06 20:27:34.881,0.9025,0.9027,1.00,1.00
2015.04.06 20:27:35.134,0.90245,0.90271,1.00,1.15
2015.04.06 20:27:35.235,0.90243,0.9027,1.00,2.70
2015.04.06 20:27:35.336,0.90224,0.90269,1.52,2.70
2015.04.06 20:27:35.453,0.90223,0.90266,2.70,2.32
2015.04.06 20:27:35.504,0.90219,0.90265,2.70,2.32
2015.04.06 20:27:35.908,0.90236,0.9026,1.00,1.17
2015.04.06 20:27:36.110,0.90233,0.90265,1.00,3.07
2015.04.06 20:27:36.362,0.90219,0.90265,2.70,3.07
2015.04.06 20:27:36.698,0.90234,0.90259,1.00,1.10
2015.04.06 20:27:36.900,0.9023,0.90265,1.00,3.07
2015.04.06 20:27:37.001,0.90228,0.90265,1.00,4.20
2015.04.06 20:27:37.052,0.90228,0.90262,1.00,2.32
2015.04.06 20:27:37.102,0.90215,0.90261,3.45,2.32
2015.04.06 20:27:37.355,0.90229,0.90261,1.00,2.32
2015.04.06 20:27:37.760,0.90229,0.90258,1.00,2.32
2015.04.06 20:27:37.861,0.90212,0.90254,2.32,2.32
2015.04.06 20:27:37.962,0.90207,0.90253,2.70,2.32
2015.04.06 20:27:38.063,0.90207,0.9025,2.32,2.32
2015.04.06 20:27:38.113,0.90203,0.90249,2.70,2.32
2015.04.06 20:27:38.306,0.90216,0.90249,1.00,3.07
2015.04.06 20:27:38.611,0.90214,0.9024,1.00,2.32
2015.04.06 20:27:38.662,0.90195,0.9024,2.70,2.32
2015.04.06 20:27:38.878,0.90207,0.9024,1.00,2.32
2015.04.06 20:27:39.181,0.90218,0.90237,1.00,2.32
2015.04.06 20:27:39.333,0.90198,0.90237,1.00,2.32
2015.04.06 20:27:39.434,0.90207,0.90237,1.00,2.32
2015.04.06 20:27:39.535,0.90191,0.90237,3.45,2.32
2015.04.06 20:27:41.681,0.90191,0.90233,2.32,2.32
2015.04.06 20:27:41.732,0.90186,0.90232,2.70,2.32
2015.04.06 20:27:41.833,0.90199,0.90232,1.00,2.32
2015.04.06 20:27:41.934,0.90188,0.90232,1.15,2.32
2015.04.06 20:27:44.580,0.90199,0.90232,1.00,2.32
2015.04.06 20:27:44.731,0.90187,0.90232,1.27,2.32
2015.04.06 20:27:45.381,0.90201,0.90232,1.00,2.32
2015.04.06 20:27:45.483,0.90188,0.90232,1.15,2.32
2015.04.06 20:27:46.009,0.90193,0.90232,1.00,2.32
2015.04.06 20:27:46.578,0.90186,0.90232,2.70,2.32
2015.04.06 20:27:46.883,0.90187,0.90228,1.07,2.32
2015.04.06 20:27:46.933,0.90187,0.90227,1.10,2.32
2015.04.06 20:27:49.018,0.90184,0.90227,2.32,2.32
2015.04.06 20:27:49.069,0.90185,0.90231,2.70,2.32
2015.04.06 20:27:50.441,0.90192,0.90231,1.00,2.32
2015.04.06 20:27:50.957,0.90185,0.90231,2.32,2.32
2015.04.06 20:27:58.330,0.90193,0.90231,1.00,2.32
2015.04.06 20:27:58.683,0.90185,0.90231,2.32,2.32
2015.04.06 20:28:00.300,0.90192,0.90231,1.00,2.32
2015.04.06 20:28:00.678,0.90184,0.90226,2.32,2.32
2015.04.06 20:28:00.729,0.90181,0.90226,1.52,2.32
2015.04.06 20:28:01.391,0.90179,0.90222,2.70,2.32
2015.04.06 20:28:01.442,0.90176,0.90222,2.70,2.32
2015.04.06 20:28:02.618,0.90184,0.90222,1.00,2.32
2015.04.06 20:28:02.840,0.90176,0.90222,2.70,2.32
2015.04.06 20:28:09.107,0.90185,0.90222,1.00,2.32
2015.04.06 20:28:09.359,0.90176,0.90222,2.70,2.32
2015.04.06 20:28:09.837,0.9018,0.90226,2.70,2.32
2015.04.06 20:28:11.642,0.90183,0.90226,2.32,2.32
2015.04.06 20:28:11.693,0.90184,0.9023,2.32,2.32
2015.04.06 20:28:12.849,0.90192,0.9023,1.00,2.32
2015.04.06 20:28:13.203,0.90193,0.90234,1.17,2.32
2015.04.06 20:28:14.496,0.90197,0.90235,1.07,2.32
2015.04.06 20:28:14.547,0.90197,0.90238,1.17,2.32
2015.04.06 20:28:14.649,0.90202,0.90238,1.00,2.32
2015.04.06 20:28:14.750,0.90192,0.90238,2.32,2.32
2015.04.06 20:28:14.961,0.90202,0.90238,1.00,2.32
2015.04.06 20:28:15.163,0.90192,0.90238,2.32,2.32
2015.04.06 20:28:15.707,0.90201,0.90238,1.00,2.32
2015.04.06 20:28:16.066,0.90203,0.90238,1.00,2.32
2015.04.06 20:28:16.167,0.90203,0.90243,1.10,2.32
2015.04.06 20:28:16.838,0.90216,0.90243,1.00,2.32
2015.04.06 20:28:16.939,0.90216,0.90247,1.00,2.32
2015.04.06 20:28:18.147,0.90203,0.90247,1.15,2.32
2015.04.06 20:28:18.349,0.90212,0.90247,1.00,2.32
2015.04.06 20:28:18.602,0.90201,0.90247,2.32,2.32
2015.04.06 20:28:19.920,0.90211,0.90247,1.00,2.32
2015.04.06 20:28:20.122,0.90203,0.90247,1.15,2.32
2015.04.06 20:28:20.432,0.9021,0.90244,1.00,2.32
2015.04.06 20:28:21.129,0.90216,0.90244,1.00,4.50
2015.04.06 20:28:21.331,0.90211,0.90244,1.00,4.50
2015.04.06 20:28:21.653,0.90204,0.90244,1.00,4.50
2015.04.06 20:28:21.876,0.90211,0.90244,1.00,4.50
2015.04.06 20:28:22.097,0.90204,0.90244,1.00,4.50
2015.04.06 20:28:22.300,0.9021,0.90244,1.00,4.50
2015.04.06 20:28:22.855,0.90205,0.90244,1.00,4.50
2015.04.06 20:28:23.107,0.90217,0.90244,1.00,2.32
2015.04.06 20:28:23.158,0.90217,0.90247,1.00,2.32
2015.04.06 20:28:23.428,0.90205,0.90247,1.15,2.32
2015.04.06 20:28:23.652,0.90217,0.90247,1.00,2.70
2015.04.06 20:28:28.026,0.90217,0.90248,1.00,2.70
2015.04.06 20:28:28.077,0.90217,0.9025,1.00,2.70
2015.04.06 20:28:28.178,0.90212,0.9025,1.00,2.32
2015.04.06 20:28:28.617,0.90218,0.9025,1.00,2.70
2015.04.06 20:28:28.914,0.90212,0.9025,1.00,2.70
2015.04.06 20:28:29.569,0.90208,0.9025,1.15,2.32
2015.04.06 20:28:39.727,0.90205,0.90246,2.32,2.70
2015.04.06 20:28:39.778,0.90203,0.90245,1.15,2.70
2015.04.06 20:28:40.382,0.902,0.90241,2.25,2.32
2015.04.06 20:28:40.433,0.90197,0.9024,1.15,2.32
2015.04.06 20:28:40.786,0.90202,0.9024,1.00,2.32
2015.04.06 20:28:40.937,0.90194,0.9024,2.70,2.32
2015.04.06 20:28:41.907,0.90203,0.9024,1.00,2.32
2015.04.06 20:28:41.988,0.902,0.9024,1.57,3.07
2015.04.06 20:28:43.667,0.90201,0.9024,1.00,2.32
2015.04.06 20:28:44.193,0.902,0.9024,1.10,3.07
2015.04.06 20:28:44.965,0.90203,0.9024,1.00,2.32
2015.04.06 20:28:45.117,0.90194,0.9024,3.45,2.32
2015.04.06 20:28:46.973,0.90203,0.9024,1.00,2.32
2015.04.06 20:28:47.074,0.90201,0.9024,1.00,2.32
2015.04.06 20:28:49.168,0.90197,0.9024,1.15,2.32
2015.04.06 20:28:53.544,0.90212,0.9024,1.00,2.32
2015.04.06 20:28:53.885,0.90209,0.9024,1.00,2.32
2015.04.06 20:28:56.297,0.90209,0.90244,1.00,2.70
2015.04.06 20:28:57.652,0.90206,0.90241,1.00,2.70
2015.04.06 20:28:58.157,0.90206,0.9024,1.00,2.70
2015.04.06 20:29:05.005,0.90208,0.90244,1.00,2.32
2015.04.06 20:29:05.207,0.90208,0.90247,1.10,3.07
2015.04.06 20:29:05.359,0.90214,0.90247,1.00,2.32
2015.04.06 20:29:06.425,0.9022,0.90247,1.00,2.32
2015.04.06 20:29:06.476,0.9022,0.90251,1.00,2.32
2015.04.06 20:29:06.527,0.90222,0.90251,1.00,2.32
2015.04.06 20:29:06.880,0.90226,0.90251,1.00,2.32
2015.04.06 20:29:06.982,0.90226,0.90248,1.00,1.00
2015.04.06 20:29:07.184,0.90223,0.90256,1.00,2.70
2015.04.06 20:29:07.646,0.90228,0.90256,1.00,2.70
2015.04.06 20:29:07.747,0.90226,0.90255,1.00,1.27
2015.04.06 20:29:08.441,0.90226,0.90249,1.00,1.00
2015.04.06 20:29:11.717,0.90229,0.90249,1.00,1.00
2015.04.06 20:29:11.818,0.90228,0.90252,1.00,1.00
2015.04.06 20:29:11.880,0.90228,0.9026,1.00,3.45
2015.04.06 20:29:19.933,0.90228,0.90256,1.00,3.45
2015.04.06 20:29:19.984,0.90223,0.90256,1.00,3.45
2015.04.06 20:29:20.085,0.90225,0.90255,1.00,1.52
2015.04.06 20:29:20.409,0.90223,0.90255,1.00,1.52
2015.04.06 20:29:20.935,0.90226,0.90256,1.00,2.32
2015.04.06 20:29:21.036,0.90226,0.90258,1.00,1.52
2015.04.06 20:29:22.826,0.90223,0.90259,1.00,1.52
2015.04.06 20:29:23.179,0.90227,0.90258,1.00,2.02
2015.04.06 20:29:23.495,0.90227,0.9025,1.00,1.00
2015.04.06 20:29:24.416,0.90227,0.90257,1.00,1.52
2015.04.06 20:29:27.125,0.90229,0.90257,1.00,1.15
2015.04.06 20:29:27.226,0.90229,0.9026,1.00,1.15
2015.04.06 20:29:27.776,0.9023,0.90262,1.00,1.15
2015.04.06 20:29:30.717,0.9023,0.90253,1.00,1.00
2015.04.06 20:29:31.216,0.90232,0.90253,1.00,1.00
2015.04.06 20:29:31.935,0.90227,0.90261,1.00,1.52
2015.04.06 20:29:32.036,0.90227,0.9026,1.00,2.70
2015.04.06 20:29:35.125,0.90232,0.90254,1.00,1.10
2015.04.06 20:29:36.297,0.90232,0.9026,1.00,1.52
2015.04.06 20:29:36.398,0.90228,0.9026,1.00,1.52
2015.04.06 20:29:38.865,0.90232,0.90255,1.00,1.00
2015.04.06 20:29:40.095,0.90228,0.90255,1.00,1.00
2015.04.06 20:29:40.297,0.90228,0.9026,1.00,1.52
2015.04.06 20:29:41.716,0.90228,0.90255,1.00,1.00
2015.04.06 20:29:42.245,0.90232,0.90255,1.00,1.00
2015.04.06 20:29:45.237,0.90232,0.9026,1.00,1.52
2015.04.06 20:29:45.545,0.90228,0.9026,1.00,1.52
2015.04.06 20:29:49.346,0.90232,0.9026,1.00,2.02
2015.04.06 20:29:49.681,0.90232,0.90254,1.00,1.00
2015.04.06 20:29:49.936,0.90232,0.90256,1.00,1.00
2015.04.06 20:29:50.986,0.90232,0.90258,1.00,1.10
2015.04.06 20:29:51.037,0.90235,0.90258,1.00,1.10
2015.04.06 20:30:00.411,0.90235,0.90259,1.00,1.00
2015.04.06 20:30:01.418,0.90235,0.9026,1.00,1.00
2015.04.06 20:30:01.722,0.90235,0.90263,1.00,1.00
2015.04.06 20:30:01.825,0.90219,0.90265,1.10,1.95
2015.04.06 20:30:02.916,0.9022,0.90257,1.00,1.00
2015.04.06 20:30:03.466,0.90221,0.90259,1.00,1.00
2015.04.06 20:30:04.031,0.90223,0.9026,1.00,1.00
2015.04.06 20:30:04.138,0.90221,0.90265,1.00,1.20
2015.04.06 20:30:04.446,0.90218,0.90265,1.27,1.95
2015.04.06 20:30:04.935,0.90223,0.9026,1.00,1.00
2015.04.06 20:30:05.115,0.9022,0.90266,1.00,1.55
2015.04.06 20:30:05.486,0.9022,0.90257,1.00,1.00
2015.04.06 20:30:07.426,0.90218,0.90265,1.27,1.95
2015.04.06 20:30:10.615,0.90218,0.90265,1.55,1.57
2015.04.06 20:30:10.786,0.90218,0.90265,1.17,1.95
2015.04.06 20:30:10.887,0.90218,0.90265,1.17,1.95
2015.04.06 20:30:10.988,0.90216,0.90253,2.02,1.00
2015.04.06 20:30:14.367,0.90217,0.90255,1.15,1.00
2015.04.06 20:30:14.814,0.90216,0.90252,1.15,1.00
2015.04.06 20:30:14.915,0.90218,0.90264,1.17,1.12
2015.04.06 20:30:15.587,0.90217,0.90263,1.15,1.00
2015.04.06 20:30:19.374,0.90217,0.90266,1.15,1.65
2015.04.06 20:30:20.246,0.90219,0.90266,1.17,1.20
2015.04.06 20:30:20.448,0.90221,0.90267,1.17,1.10
2015.04.06 20:30:22.386,0.90223,0.9026,1.00,1.00
2015.04.06 20:30:24.300,0.90223,0.90258,1.00,1.00
2015.04.06 20:30:24.948,0.90223,0.90259,1.00,1.00
2015.04.06 20:30:26.457,0.90223,0.90258,1.00,1.00
2015.04.06 20:30:27.025,0.90221,0.90259,1.65,1.00
2015.04.06 20:30:27.528,0.90224,0.90258,1.00,1.00
2015.04.06 20:30:28.065,0.90224,0.90259,1.00,1.00
2015.04.06 20:30:30.181,0.90225,0.90259,1.00,1.00
2015.04.06 20:30:33.146,0.90227,0.90259,1.00,1.00
2015.04.06 20:30:33.197,0.90227,0.90261,1.00,1.00
2015.04.06 20:30:39.220,0.90226,0.90263,1.07,1.00
2015.04.06 20:30:39.373,0.90224,0.90271,1.15,1.00
2015.04.06 20:30:44.387,0.90225,0.90272,1.17,1.12
2015.04.06 20:30:51.295,0.90224,0.90271,1.15,1.00
2015.04.06 20:30:53.373,0.90224,0.90271,1.15,1.00
2015.04.06 20:31:00.125,0.90225,0.90262,1.15,1.00
2015.04.06 20:31:00.446,0.90224,0.90271,1.15,1.00
2015.04.06 20:31:00.547,0.90222,0.90267,2.32,1.00
2015.04.06 20:31:01.288,0.90222,0.90268,2.32,1.00
2015.04.06 20:31:01.490,0.9022,0.90268,1.00,1.15
2015.04.06 20:31:02.189,0.90215,0.90261,1.15,1.00
2015.04.06 20:31:02.830,0.90212,0.90258,2.25,1.07
2015.04.06 20:31:02.931,0.90211,0.90258,1.10,1.15
2015.04.06 20:31:03.841,0.90209,0.90256,1.52,1.10
2015.04.06 20:31:04.111,0.90209,0.90256,1.07,1.17
2015.04.06 20:31:04.413,0.90206,0.9024,1.00,1.00
2015.04.06 20:31:04.953,0.90204,0.90239,1.17,1.00
2015.04.06 20:31:15.229,0.90201,0.90248,1.15,1.00
2015.04.06 20:31:15.330,0.90203,0.9025,1.15,1.10
2015.04.06 20:31:16.938,0.90201,0.90247,1.15,1.00
2015.04.06 20:31:17.241,0.90205,0.9024,1.10,1.00
2015.04.06 20:31:25.196,0.902,0.90247,1.15,1.00
2015.04.06 20:31:30.543,0.90202,0.90248,1.10,1.10
2015.04.06 20:31:41.103,0.90204,0.9025,1.00,1.15
2015.04.06 20:31:41.474,0.90206,0.90252,1.00,1.15
2015.04.06 20:31:43.121,0.90207,0.90253,1.00,1.15
2015.04.06 20:31:43.705,0.90206,0.90252,1.00,1.15
2015.04.06 20:31:44.343,0.90206,0.90252,1.10,1.17
2015.04.06 20:31:44.394,0.90206,0.90252,1.10,1.10
2015.04.06 20:31:44.960,0.90204,0.90249,1.17,1.00
2015.04.06 20:31:45.212,0.90202,0.90248,1.00,1.15
2015.04.06 20:31:47.364,0.90204,0.90249,1.00,1.15
2015.04.06 20:31:50.942,0.90205,0.90249,1.00,1.15
2015.04.06 20:31:52.386,0.9021,0.90249,1.00,1.00
2015.04.06 20:31:52.436,0.9021,0.90251,1.00,1.00
2015.04.06 20:31:52.712,0.90206,0.90252,1.20,1.00
2015.04.06 20:31:55.620,0.90205,0.90251,1.65,1.00
2015.04.06 20:31:57.153,0.90206,0.90252,1.20,1.00
2015.04.06 20:32:02.543,0.90205,0.9025,1.15,1.00
2015.04.06 20:32:03.140,0.90205,0.90249,1.15,1.00
2015.04.06 20:32:03.442,0.90206,0.90251,1.20,1.00
2015.04.06 20:32:05.182,0.90205,0.9025,1.15,1.00
2015.04.06 20:32:07.651,0.90206,0.90251,1.20,1.00
2015.04.06 20:32:11.283,0.90207,0.90242,1.00,1.00
2015.04.06 20:32:11.585,0.9021,0.90244,1.00,1.00
2015.04.06 20:32:11.888,0.90215,0.90242,1.00,1.00
2015.04.06 20:32:12.090,0.9021,0.9024,1.00,1.00
2015.04.06 20:32:12.613,0.90205,0.9024,1.50,1.00
2015.04.06 20:32:12.714,0.90202,0.90239,1.00,1.00
2015.04.06 20:32:12.866,0.902,0.90234,1.00,1.00
2015.04.06 20:32:13.501,0.902,0.90233,1.00,1.00
2015.04.06 20:32:14.813,0.90198,0.90233,1.00,1.00
2015.04.06 20:32:15.366,0.90205,0.90233,1.00,1.00
2015.04.06 20:32:16.141,0.90205,0.90232,1.00,1.00
2015.04.06 20:32:16.454,0.90205,0.9023,1.00,1.00
2015.04.06 20:32:16.612,0.902,0.9023,1.00,1.00
2015.04.06 20:32:16.713,0.902,0.90232,1.00,1.00
2015.04.06 20:32:21.083,0.90205,0.90232,1.00,1.00
2015.04.06 20:32:22.837,0.90205,0.90232,1.00,1.17
2015.04.06 20:32:22.887,0.90197,0.90232,1.00,1.17
2015.04.06 20:32:22.988,0.90201,0.90226,1.00,1.12
2015.04.06 20:32:23.515,0.902,0.90226,1.00,1.00
2015.04.06 20:32:23.826,0.90204,0.90226,1.00,1.00
2015.04.06 20:32:25.812,0.90195,0.90226,1.00,1.00
2015.04.06 20:32:25.913,0.902,0.90222,1.00,1.00
2015.04.06 20:32:26.591,0.90201,0.90221,1.00,1.00
2015.04.06 20:32:27.084,0.90195,0.9022,1.00,1.00
2015.04.06 20:32:27.369,0.90195,0.90225,1.00,1.00
2015.04.06 20:32:27.929,0.90194,0.90225,1.00,1.00
2015.04.06 20:32:28.343,0.90205,0.90226,1.00,1.00
2015.04.06 20:32:40.762,0.90205,0.90225,1.00,1.00
2015.04.06 20:32:41.105,0.90195,0.90225,1.00,1.00
2015.04.06 20:32:41.901,0.90195,0.90226,1.00,1.00
2015.04.06 20:32:45.589,0.90195,0.90226,1.00,1.07
2015.04.06 20:32:45.640,0.9019,0.90226,1.00,2.32
2015.04.06 20:32:45.791,0.90185,0.90217,1.00,1.75
2015.04.06 20:32:45.842,0.90185,0.90207,1.00,1.00
2015.04.06 20:32:45.893,0.90175,0.90207,1.00,1.00
2015.04.06 20:32:45.944,0.90168,0.9021,2.32,1.00
2015.04.06 20:32:46.059,0.90177,0.90223,1.00,1.15
2015.04.06 20:32:46.211,0.90174,0.90219,1.10,1.10
2015.04.06 20:32:46.919,0.90172,0.90218,1.15,1.00
2015.04.06 20:32:47.576,0.90174,0.90219,1.10,1.10
2015.04.06 20:32:52.153,0.90176,0.90222,1.00,1.15
2015.04.06 20:32:52.481,0.90173,0.90221,1.17,1.15
2015.04.06 20:32:53.073,0.90178,0.90224,1.00,1.15
2015.04.06 20:32:53.174,0.90176,0.90222,1.00,1.15
2015.04.06 20:32:53.376,0.9018,0.90226,1.00,3.45
2015.04.06 20:32:53.477,0.9018,0.90226,1.00,1.17
2015.04.06 20:32:54.053,0.90183,0.90228,1.00,1.15
2015.04.06 20:32:54.690,0.90184,0.90231,1.00,3.07
2015.04.06 20:32:55.014,0.90182,0.90228,1.00,1.15
2015.04.06 20:32:58.690,0.90182,0.90228,1.15,1.00
2015.04.06 20:32:59.194,0.90186,0.90227,1.00,1.00
2015.04.06 20:32:59.962,0.90185,0.90227,1.57,1.00
2015.04.06 20:33:00.466,0.90184,0.9023,1.17,1.00
2015.04.06 20:33:00.921,0.90186,0.90226,1.00,1.00
2015.04.06 20:33:06.343,0.90186,0.90221,1.00,1.07
2015.04.06 20:33:06.444,0.9018,0.9022,1.00,1.17
2015.04.06 20:33:06.494,0.9018,0.90215,1.00,1.00
2015.04.06 20:33:06.679,0.90177,0.90215,1.00,1.00
2015.04.06 20:33:06.780,0.90179,0.90215,1.00,1.00
2015.04.06 20:33:06.931,0.90183,0.9022,1.00,1.10
2015.04.06 20:33:07.282,0.90183,0.90223,1.00,1.00
2015.04.06 20:33:07.434,0.90184,0.90225,1.07,1.50
2015.04.06 20:33:09.731,0.90186,0.90227,1.10,1.00
2015.04.06 20:33:10.133,0.90187,0.90227,1.50,3.00
2015.04.06 20:33:10.285,0.90178,0.90216,1.00,1.00
2015.04.06 20:33:10.814,0.90179,0.90216,1.07,1.00
2015.04.06 20:33:10.915,0.90182,0.9022,1.57,1.00
2015.04.06 20:33:10.966,0.90188,0.9022,1.00,1.00
2015.04.06 20:33:11.067,0.90188,0.90227,1.00,1.00
2015.04.06 20:33:11.269,0.90186,0.90227,1.50,1.00
2015.04.06 20:33:11.422,0.90187,0.90228,1.07,1.00
2015.04.06 20:33:12.467,0.90189,0.90229,1.10,1.00
2015.04.06 20:33:12.779,0.90193,0.90231,1.15,1.00
2015.04.06 20:33:12.830,0.90193,0.90233,1.15,1.00
2015.04.06 20:33:13.032,0.90195,0.90241,1.10,1.10
2015.04.06 20:33:16.133,0.90196,0.90242,1.00,1.17
2015.04.06 20:33:16.334,0.90196,0.90242,1.07,1.10
2015.04.06 20:33:16.892,0.90197,0.90243,1.15,1.00
2015.04.06 20:33:20.692,0.90199,0.90244,1.15,1.00
2015.04.06 20:33:21.513,0.90197,0.90243,1.15,1.00
2015.04.06 20:33:24.699,0.90197,0.9024,1.15,1.00
2015.04.06 20:33:32.951,0.90197,0.90239,1.15,1.00
2015.04.06 20:33:33.273,0.90192,0.90232,1.15,1.00
2015.04.06 20:33:36.526,0.90195,0.90232,1.10,1.75
2015.04.06 20:33:36.627,0.90195,0.90226,1.00,1.00
2015.04.06 20:33:36.728,0.90195,0.90231,1.00,1.00
2015.04.06 20:33:36.778,0.90195,0.90228,1.00,1.00
2015.04.06 20:33:37.311,0.9019,0.90228,1.15,1.00
2015.04.06 20:33:37.463,0.90186,0.90226,1.10,1.00
2015.04.06 20:33:37.514,0.90186,0.90224,1.10,1.00
2015.04.06 20:33:38.032,0.90181,0.90221,1.15,1.00
2015.04.06 20:33:44.504,0.9018,0.90219,2.32,1.00
2015.04.06 20:33:45.047,0.90179,0.90219,1.00,1.50
2015.04.06 20:33:45.148,0.90176,0.90215,1.15,1.00
2015.04.06 20:33:45.656,0.90179,0.90215,1.00,1.00
2015.04.06 20:33:46.003,0.90177,0.90213,1.17,1.00
2015.04.06 20:33:49.110,0.90177,0.90213,1.10,1.00
2015.04.06 20:33:49.460,0.90177,0.90206,1.00,1.00
2015.04.06 20:33:50.772,0.90177,0.90207,1.00,1.00
2015.04.06 20:33:50.841,0.90177,0.90209,1.00,1.00
2015.04.06 20:33:55.131,0.9018,0.90209,1.00,1.00
2015.04.06 20:33:57.662,0.90177,0.90209,1.00,1.00
2015.04.06 20:34:05.031,0.9018,0.90209,1.00,1.00
2015.04.06 20:34:05.628,0.90177,0.90209,1.00,1.00
2015.04.06 20:34:10.339,0.90179,0.90209,1.00,1.00
2015.04.06 20:34:10.530,0.90177,0.90209,1.00,1.00
2015.04.06 20:34:22.196,0.90177,0.90206,1.00,1.00
2015.04.06 20:34:22.575,0.90174,0.90206,1.00,1.00
2015.04.06 20:34:22.676,0.9017,0.90206,1.10,1.37
2015.04.06 20:34:22.777,0.90168,0.90202,1.27,1.00
2015.04.06 20:34:22.899,0.90162,0.902,1.17,1.00
2015.04.06 20:34:23.070,0.90163,0.90205,1.45,1.12
2015.04.06 20:34:23.172,0.90163,0.90205,1.57,1.00
2015.04.06 20:34:23.711,0.9016,0.90205,1.65,1.50
2015.04.06 20:34:23.762,0.90161,0.902,1.52,1.00
2015.04.06 20:34:24.077,0.90159,0.90198,1.90,1.00
2015.04.06 20:34:24.280,0.90162,0.90202,1.92,1.37
2015.04.06 20:34:24.366,0.90162,0.90202,1.55,1.37
2015.04.06 20:34:24.567,0.90162,0.90202,1.65,1.12
2015.04.06 20:34:25.084,0.9016,0.90205,1.90,1.87
2015.04.06 20:34:25.386,0.9016,0.90205,1.52,1.12
2015.04.06 20:34:25.437,0.90162,0.90205,1.17,1.50
2015.04.06 20:34:25.739,0.90162,0.90207,1.55,2.25
2015.04.06 20:34:26.205,0.90158,0.90203,3.07,1.50
2015.04.06 20:34:26.306,0.90157,0.90203,1.55,1.57
2015.04.06 20:34:26.580,0.90157,0.90203,1.92,1.85
2015.04.06 20:34:26.681,0.90156,0.90201,1.52,1.50
2015.04.06 20:34:26.732,0.90164,0.90201,1.00,1.50
2015.04.06 20:34:26.833,0.90158,0.90197,1.47,1.00
2015.04.06 20:34:26.935,0.90156,0.90201,1.15,1.12
2015.04.06 20:34:26.985,0.90152,0.90198,3.45,1.37
2015.04.06 20:34:27.086,0.90152,0.90198,1.00,1.52
2015.04.06 20:34:27.715,0.90151,0.90197,1.10,1.17
2015.04.06 20:34:27.909,0.90156,0.90196,1.00,1.10
2015.04.06 20:34:28.575,0.90156,0.90196,1.00,1.47
2015.04.06 20:34:29.101,0.90156,0.90196,1.00,1.10
2015.04.06 20:34:30.046,0.90156,0.90193,1.00,1.00
2015.04.06 20:34:30.263,0.9014,0.90179,1.00,1.00
2015.04.06 20:34:30.314,0.9014,0.90179,1.12,1.37
2015.04.06 20:34:30.415,0.9014,0.90179,1.00,1.00
2015.04.06 20:34:30.516,0.90141,0.90179,1.37,1.37
2015.04.06 20:34:31.783,0.90141,0.90182,1.37,1.55
2015.04.06 20:34:32.085,0.90142,0.90183,1.17,1.00
2015.04.06 20:34:32.337,0.90146,0.90186,1.00,1.00
2015.04.06 20:34:33.017,0.90147,0.90187,1.00,1.00
2015.04.06 20:34:33.327,0.90129,0.90172,1.85,1.37
2015.04.06 20:34:33.428,0.90129,0.90168,1.47,1.00
2015.04.06 20:34:34.053,0.9013,0.90171,1.37,1.37
2015.04.06 20:34:34.832,0.9013,0.90174,1.37,1.57
2015.04.06 20:34:35.042,0.90135,0.9018,1.87,2.32
2015.04.06 20:34:35.093,0.90135,0.90181,1.87,1.15
2015.04.06 20:34:35.144,0.90137,0.90183,1.12,1.15
2015.04.06 20:34:35.195,0.90137,0.90183,1.20,1.07
2015.04.06 20:34:35.246,0.90137,0.90183,1.27,1.00
2015.04.06 20:34:35.448,0.90139,0.90185,1.15,1.00
2015.04.06 20:34:37.969,0.90136,0.90182,1.52,1.00
2015.04.06 20:34:38.121,0.90136,0.90182,1.00,1.52
2015.04.06 20:34:38.323,0.90135,0.9018,1.00,1.47
2015.04.06 20:34:39.134,0.90136,0.90178,1.00,1.37
2015.04.06 20:34:41.001,0.90136,0.90178,1.00,1.12
2015.04.06 20:34:41.599,0.90137,0.90179,1.00,1.37
2015.04.06 20:34:51.616,0.90137,0.90179,1.00,1.12
2015.04.06 20:34:54.846,0.90139,0.90179,1.00,1.00
2015.04.06 20:34:55.189,0.90142,0.90184,1.50,1.27
2015.04.06 20:34:55.780,0.90143,0.90185,1.00,1.27
2015.04.06 20:34:57.628,0.90141,0.90185,1.50,1.52
2015.04.06 20:34:58.171,0.90142,0.90183,1.00,1.15
2015.04.06 20:34:58.472,0.90142,0.90183,1.00,1.00
2015.04.06 20:35:17.745,0.90141,0.90182,1.00,1.00
2015.04.06 20:35:17.996,0.90139,0.90185,1.10,1.47
2015.04.06 20:35:19.400,0.90139,0.90185,1.00,1.52
2015.04.06 20:35:21.970,0.9014,0.90185,1.00,1.52
2015.04.06 20:35:22.300,0.90142,0.90187,1.00,1.15
2015.04.06 20:35:22.960,0.9014,0.90186,1.00,1.15
2015.04.06 20:35:23.482,0.90139,0.90181,1.50,1.00
2015.04.06 20:35:24.010,0.9014,0.90181,1.00,1.00
2015.04.06 20:35:25.061,0.9014,0.9018,1.00,1.07
2015.04.06 20:35:25.111,0.90137,0.90178,1.00,1.20
2015.04.06 20:35:25.220,0.90136,0.90176,1.00,1.00
2015.04.06 20:35:26.574,0.90134,0.90175,1.00,1.00
2015.04.06 20:35:26.902,0.90132,0.90178,1.00,1.20
2015.04.06 20:35:27.072,0.9013,0.90175,1.20,1.00
2015.04.06 20:35:35.170,0.9013,0.90176,1.20,1.00
2015.04.06 20:35:45.029,0.9013,0.90168,1.20,1.00
2015.04.06 20:35:47.930,0.90131,0.90168,1.00,1.00
2015.04.06 20:35:49.823,0.90131,0.90174,1.00,1.20
2015.04.06 20:35:52.137,0.90132,0.90174,1.00,1.20
2015.04.06 20:35:58.972,0.90131,0.90177,1.00,1.15
2015.04.06 20:36:05.381,0.90131,0.90176,1.00,1.20
2015.04.06 20:36:08.499,0.9013,0.90176,1.00,1.65
2015.04.06 20:36:08.939,0.90132,0.90176,1.00,1.20
2015.04.06 20:36:12.046,0.90126,0.90174,1.00,1.15
2015.04.06 20:36:12.977,0.9013,0.9017,1.00,1.10
2015.04.06 20:36:13.285,0.9013,0.90166,1.00,1.00
2015.04.06 20:36:24.365,0.9013,0.90167,1.12,1.00
2015.04.06 20:36:24.720,0.90134,0.90166,1.00,1.00
2015.04.06 20:36:25.429,0.90133,0.90166,1.00,1.00
2015.04.06 20:36:28.128,0.90133,0.90171,1.00,1.17
2015.04.06 20:36:28.443,0.90133,0.90166,1.00,1.00
2015.04.06 20:36:30.437,0.90133,0.90171,1.00,1.17
2015.04.06 20:36:30.760,0.90133,0.90166,1.00,1.00
2015.04.06 20:36:30.962,0.90133,0.90171,1.00,1.17
2015.04.06 20:36:31.470,0.90133,0.90166,1.00,1.00
2015.04.06 20:36:33.794,0.90133,0.90171,1.00,1.00
2015.04.06 20:36:34.169,0.90133,0.90166,1.00,1.00
2015.04.06 20:36:36.482,0.90133,0.90171,1.00,1.00
2015.04.06 20:36:37.708,0.90134,0.90171,1.00,1.00
2015.04.06 20:36:38.656,0.90134,0.90166,1.00,1.00
2015.04.06 20:36:40.661,0.90134,0.90171,1.00,1.00
2015.04.06 20:36:40.961,0.90134,0.90166,1.00,1.00
2015.04.06 20:36:41.165,0.90134,0.90171,1.00,1.00
2015.04.06 20:36:41.414,0.90134,0.90166,1.00,1.00
2015.04.06 20:36:41.663,0.90134,0.90171,1.00,1.00
2015.04.06 20:36:41.965,0.90134,0.90167,1.00,1.00
2015.04.06 20:36:42.666,0.90134,0.90166,1.00,1.00
2015.04.06 20:36:44.996,0.90133,0.90166,1.00,1.00
2015.04.06 20:36:48.078,0.90133,0.90167,1.00,1.00
2015.04.06 20:36:48.656,0.90133,0.90166,1.00,1.00
2015.04.06 20:36:49.187,0.90126,0.90159,1.47,1.00
2015.04.06 20:36:49.482,0.90126,0.90165,1.47,1.00
2015.04.06 20:36:49.533,0.90126,0.90165,1.85,1.00
2015.04.06 20:36:50.686,0.90121,0.90163,2.40,1.00
2015.04.06 20:36:50.737,0.90118,0.90163,1.65,1.00
2015.04.06 20:36:50.908,0.90117,0.90163,1.52,1.00
2015.04.06 20:36:51.110,0.90115,0.90161,3.45,1.00
2015.04.06 20:36:51.312,0.90115,0.9016,1.20,1.10
2015.04.06 20:36:51.362,0.90115,0.90157,1.10,1.00
2015.04.06 20:36:51.867,0.9011,0.90156,1.65,1.00
2015.04.06 20:36:52.191,0.9011,0.90153,1.65,1.00
2015.04.06 20:36:52.997,0.9011,0.9015,1.15,1.00
2015.04.06 20:36:53.099,0.9011,0.90149,1.00,1.00
2015.04.06 20:36:53.401,0.9011,0.90145,1.12,1.00
2015.04.06 20:36:53.746,0.9011,0.90142,1.12,1.00
2015.04.06 20:36:54.247,0.9011,0.90141,1.12,1.00
2015.04.06 20:36:54.927,0.9011,0.90142,1.12,1.00
2015.04.06 20:36:55.587,0.9011,0.90141,1.12,1.00
2015.04.06 20:36:56.219,0.9011,0.90145,1.12,1.00
2015.04.06 20:36:57.365,0.90107,0.90145,1.17,1.00
2015.04.06 20:36:57.416,0.90107,0.90147,1.17,1.00
2015.04.06 20:36:58.227,0.90109,0.90147,1.00,1.00
2015.04.06 20:36:58.640,0.90109,0.90149,1.37,1.00
2015.04.06 20:36:58.741,0.90107,0.90144,1.00,1.00
2015.04.06 20:36:58.851,0.90103,0.90144,1.12,1.00
2015.04.06 20:36:58.953,0.90103,0.90149,1.37,1.20
2015.04.06 20:36:59.003,0.90103,0.90149,1.37,1.20
2015.04.06 20:36:59.155,0.90108,0.90154,1.10,1.10
2015.04.06 20:36:59.676,0.90109,0.90155,1.00,1.65
2015.04.06 20:36:59.727,0.90115,0.90164,1.00,1.15
2015.04.06 20:37:00.030,0.90119,0.9016,1.17,1.00
2015.04.06 20:37:00.333,0.90116,0.90152,1.15,1.00
2015.04.06 20:37:00.434,0.90116,0.90156,1.15,1.00
2015.04.06 20:37:00.485,0.90119,0.90165,1.17,1.00
2015.04.06 20:37:00.586,0.90114,0.90159,2.32,1.00
2015.04.06 20:37:00.737,0.90113,0.90159,1.10,1.10
2015.04.06 20:37:00.788,0.9011,0.90156,1.15,1.00
2015.04.06 20:37:01.242,0.90111,0.90159,1.15,1.10
2015.04.06 20:37:01.775,0.90109,0.90155,1.15,1.00
2015.04.06 20:37:06.321,0.90109,0.90155,1.65,1.00
2015.04.06 20:37:06.422,0.90111,0.90157,1.15,1.00
2015.04.06 20:37:06.943,0.90109,0.90154,1.52,1.00
2015.04.06 20:37:07.189,0.9011,0.90156,1.27,1.00
2015.04.06 20:37:08.853,0.9011,0.90156,1.27,1.37
2015.04.06 20:37:09.449,0.90108,0.90154,1.52,1.00
2015.04.06 20:37:11.139,0.90109,0.90155,1.15,1.00
2015.04.06 20:37:11.541,0.90109,0.90155,1.15,1.37
2015.04.06 20:37:11.847,0.90108,0.90152,1.37,1.10
2015.04.06 20:37:12.946,0.90106,0.90152,1.65,1.10
2015.04.06 20:37:13.397,0.90106,0.90152,1.55,1.10
2015.04.06 20:37:13.548,0.90106,0.90152,1.65,1.20
2015.04.06 20:37:14.170,0.90106,0.90152,1.55,1.47
2015.04.06 20:37:14.574,0.90107,0.90148,1.47,1.12
2015.04.06 20:37:14.876,0.90112,0.90148,1.00,1.00
2015.04.06 20:37:14.927,0.90109,0.90149,1.00,1.00
2015.04.06 20:37:15.355,0.90112,0.90149,1.00,1.12
2015.04.06 20:37:15.598,0.90109,0.90149,1.12,1.12
2015.04.06 20:37:20.091,0.90108,0.90148,1.12,1.37
2015.04.06 20:37:40.128,0.90107,0.90148,1.00,1.87
2015.04.06 20:37:42.949,0.90107,0.90148,1.37,1.50
2015.04.06 20:37:43.050,0.90107,0.90148,1.37,1.00
2015.04.06 20:37:43.608,0.9011,0.90151,1.37,1.27
2015.04.06 20:37:43.989,0.90106,0.90145,1.00,2.25
2015.04.06 20:37:44.040,0.90096,0.90142,1.00,1.15
2015.04.06 20:37:44.091,0.90096,0.90142,1.82,1.07
2015.04.06 20:37:44.142,0.901,0.90145,1.47,1.00
2015.04.06 20:37:44.243,0.90096,0.90144,1.52,1.00
2015.04.06 20:37:44.495,0.90109,0.90152,1.37,3.00
2015.04.06 20:37:44.596,0.9011,0.90156,1.00,1.52
2015.04.06 20:37:44.697,0.90116,0.9016,1.00,2.62
2015.04.06 20:37:44.748,0.90116,0.90162,1.00,1.15
2015.04.06 20:37:44.905,0.90119,0.90165,1.00,1.15
2015.04.06 20:37:45.107,0.90109,0.90155,1.00,1.15
2015.04.06 20:37:45.259,0.90104,0.9015,1.15,1.00
2015.04.06 20:37:45.577,0.90102,0.90148,1.15,1.00
2015.04.06 20:37:46.009,0.90097,0.90143,2.25,1.17
2015.04.06 20:37:46.413,0.90096,0.90142,3.45,1.00
2015.04.06 20:37:46.463,0.90098,0.90144,1.52,1.00
2015.04.06 20:37:46.979,0.901,0.90145,1.15,1.00
2015.04.06 20:37:47.231,0.90097,0.90143,1.47,1.17
2015.04.06 20:37:47.735,0.901,0.90145,1.00,1.15
2015.04.06 20:37:47.988,0.90097,0.90143,1.10,1.17
2015.04.06 20:37:48.381,0.901,0.90144,1.00,1.27
2015.04.06 20:37:54.049,0.90101,0.90147,1.00,1.52
2015.04.06 20:37:54.398,0.90103,0.90148,1.00,2.70
2015.04.06 20:37:54.499,0.90104,0.9015,1.00,1.27
2015.04.06 20:37:54.806,0.90105,0.90153,1.07,1.45
2015.04.06 20:37:55.311,0.90104,0.90149,1.15,1.12
2015.04.06 20:37:55.569,0.90104,0.90152,1.15,1.37
2015.04.06 20:38:00.398,0.90104,0.9015,1.15,1.00
2015.04.06 20:38:01.074,0.90106,0.90151,1.15,1.00
2015.04.06 20:38:01.435,0.90104,0.90149,1.15,1.00
2015.04.06 20:38:04.041,0.90102,0.90148,3.07,1.10
2015.04.06 20:38:04.142,0.90102,0.90148,1.17,1.10
2015.04.06 20:38:04.495,0.90101,0.90146,1.15,1.00
2015.04.06 20:38:05.044,0.90098,0.90145,1.15,1.00
2015.04.06 20:38:05.577,0.90097,0.90143,3.07,1.00
2015.04.06 20:38:05.940,0.90093,0.90142,1.15,1.10
2015.04.06 20:38:06.274,0.90094,0.9014,1.15,1.00
2015.04.06 20:38:07.030,0.90097,0.90142,1.10,1.10
2015.04.06 20:38:07.081,0.90097,0.90142,1.07,1.00
2015.04.06 20:38:07.459,0.901,0.90146,1.17,1.00
2015.04.06 20:38:07.510,0.901,0.90145,1.17,1.37
2015.04.06 20:38:07.683,0.90102,0.90148,1.10,1.20
2015.04.06 20:38:08.319,0.90101,0.90147,1.07,1.00
2015.04.06 20:38:16.659,0.90102,0.90148,1.57,1.95
2015.04.06 20:38:17.391,0.90102,0.90147,1.10,1.12
2015.04.06 20:38:19.242,0.901,0.90146,1.17,1.00
2015.04.06 20:38:22.436,0.90103,0.90149,1.00,1.07
2015.04.06 20:38:22.538,0.90105,0.9015,1.00,1.17
2015.04.06 20:38:23.382,0.90105,0.9015,1.07,1.10
2015.04.06 20:38:23.432,0.90106,0.90152,1.15,1.00
2015.04.06 20:38:23.735,0.90105,0.9015,1.15,1.00
2015.04.06 20:38:24.322,0.90103,0.90149,3.07,1.00
2015.04.06 20:38:24.849,0.90103,0.90148,2.32,1.00
2015.04.06 20:38:28.998,0.90103,0.90147,2.32,1.00
2015.04.06 20:38:29.099,0.90101,0.90147,3.07,1.00
2015.04.06 20:38:29.150,0.90101,0.90147,1.15,1.00
2015.04.06 20:38:29.969,0.90101,0.90147,1.07,1.20
2015.04.06 20:38:30.070,0.90099,0.90144,1.00,1.15
2015.04.06 20:38:30.121,0.90099,0.90144,1.00,1.52
2015.04.06 20:38:30.171,0.90099,0.90144,1.00,1.27
2015.04.06 20:38:30.222,0.90096,0.90142,1.20,1.00
2015.04.06 20:38:30.474,0.90097,0.90142,3.07,1.00
2015.04.06 20:38:30.893,0.90097,0.90142,1.17,1.00
2015.04.06 20:38:31.450,0.90098,0.90144,1.10,1.17
2015.04.06 20:38:31.551,0.90098,0.90144,1.17,1.07
2015.04.06 20:38:31.652,0.90103,0.90148,1.10,1.00
2015.04.06 20:38:31.973,0.90099,0.90145,1.15,1.00
2015.04.06 20:38:32.571,0.90098,0.90144,1.15,1.00
2015.04.06 20:38:33.333,0.90099,0.90145,1.15,1.12
2015.04.06 20:38:33.836,0.90101,0.90146,1.15,1.12
2015.04.06 20:38:35.607,0.90106,0.90153,1.00,1.15
2015.04.06 20:38:35.708,0.90104,0.90154,1.00,1.15
2015.04.06 20:38:35.759,0.90104,0.90154,1.07,1.07
2015.04.06 20:38:35.809,0.90104,0.90154,1.52,1.37
2015.04.06 20:38:35.869,0.9011,0.90157,1.00,1.52
2015.04.06 20:38:35.920,0.9011,0.90157,1.00,1.27
2015.04.06 20:38:35.971,0.90108,0.90156,1.20,1.20
2015.04.06 20:38:38.593,0.90108,0.90156,1.57,1.20
2015.04.06 20:38:39.236,0.90102,0.90156,5.62,1.20
2015.04.06 20:38:39.287,0.90102,0.90153,1.12,2.32
2015.04.06 20:38:39.590,0.90106,0.90152,1.00,1.15
2015.04.06 20:38:40.224,0.90108,0.90153,1.00,2.32
2015.04.06 20:38:40.324,0.90108,0.90157,1.10,1.15
2015.04.06 20:38:47.932,0.90109,0.90156,1.00,1.15
2015.04.06 20:38:48.468,0.90108,0.90157,1.10,1.15
2015.04.06 20:38:48.713,0.9011,0.90157,1.00,1.15
2015.04.06 20:38:49.219,0.90109,0.90156,1.00,1.15
2015.04.06 20:38:50.269,0.90105,0.90156,1.15,1.15
2015.04.06 20:38:50.773,0.90105,0.90152,1.15,1.00
2015.04.06 20:38:51.279,0.90104,0.90154,1.15,1.17
2015.04.06 20:38:51.829,0.90105,0.90152,1.15,1.00
2015.04.06 20:38:54.334,0.90106,0.90153,1.15,1.10
2015.04.06 20:38:54.857,0.90105,0.90152,1.15,1.00
2015.04.06 20:38:59.489,0.90105,0.90154,1.15,1.17
2015.04.06 20:38:59.998,0.90105,0.90152,1.15,1.00
2015.04.06 20:39:00.358,0.90103,0.90149,1.15,1.00
2015.04.06 20:39:01.357,0.90114,0.90156,1.00,2.32
2015.04.06 20:39:01.645,0.90114,0.90162,1.10,1.52
2015.04.06 20:39:01.796,0.90112,0.90162,1.15,1.90
2015.04.06 20:39:02.049,0.90093,0.90146,2.32,1.65
2015.04.06 20:39:02.251,0.9011,0.90158,1.00,3.45
2015.04.06 20:39:02.554,0.9011,0.90158,1.15,1.10
2015.04.06 20:39:02.705,0.90115,0.9016,1.00,2.02
2015.04.06 20:39:03.259,0.90115,0.90161,1.00,1.65
2015.04.06 20:39:03.452,0.90115,0.90161,1.00,1.52
2015.04.06 20:39:03.591,0.90117,0.90162,1.00,1.27
2015.04.06 20:39:03.887,0.90115,0.90161,1.00,1.15
2015.04.06 20:39:04.610,0.90115,0.90161,1.00,1.52
2015.04.06 20:39:06.750,0.90114,0.9016,1.00,1.52
2015.04.06 20:39:07.300,0.90113,0.90159,1.10,1.55
2015.04.06 20:39:08.279,0.90113,0.90159,1.10,1.55
2015.04.06 20:39:08.786,0.90114,0.9016,1.00,1.52
2015.04.06 20:39:09.050,0.90108,0.90158,1.00,2.70
2015.04.06 20:39:09.610,0.90109,0.90158,1.00,2.70
2015.04.06 20:39:10.292,0.90111,0.90158,1.00,2.70
2015.04.06 20:39:10.622,0.90109,0.90158,1.00,2.70
2015.04.06 20:39:14.038,0.90104,0.90153,1.07,2.32
2015.04.06 20:39:14.089,0.90104,0.90152,1.00,2.70
2015.04.06 20:39:14.493,0.90101,0.90152,1.00,2.70
2015.04.06 20:39:15.139,0.901,0.90152,1.57,3.07
2015.04.06 20:39:15.241,0.90104,0.90152,1.00,2.32
2015.04.06 20:39:22.036,0.90102,0.90152,1.00,2.32
2015.04.06 20:39:23.804,0.90101,0.90152,1.00,2.32
2015.04.06 20:39:30.616,0.901,0.90152,1.10,2.32
2015.04.06 20:39:33.597,0.90122,0.90152,1.00,3.75
2015.04.06 20:39:33.698,0.90124,0.9016,1.37,1.12
2015.04.06 20:39:33.749,0.90124,0.9016,1.00,1.37
2015.04.06 20:39:33.799,0.90124,0.90152,1.00,1.50
2015.04.06 20:39:33.850,0.9012,0.90152,1.00,1.50
2015.04.06 20:39:33.901,0.9012,0.90164,1.07,1.20
2015.04.06 20:39:33.952,0.9012,0.90165,1.52,1.75
2015.04.06 20:39:34.397,0.90122,0.90171,1.15,2.40
2015.04.06 20:39:34.598,0.90118,0.90169,2.25,3.00
2015.04.06 20:39:34.649,0.90114,0.90168,1.52,3.07
2015.04.06 20:39:34.897,0.90117,0.90168,2.62,4.12
2015.04.06 20:39:34.948,0.90122,0.90168,1.15,1.87
2015.04.06 20:39:34.998,0.90123,0.90175,2.32,3.00
2015.04.06 20:39:35.099,0.90124,0.90176,2.70,2.32
2015.04.06 20:39:35.962,0.90124,0.90175,2.70,1.75
2015.04.06 20:39:36.063,0.90124,0.90174,2.70,2.25
2015.04.06 20:39:36.268,0.90124,0.90172,2.32,1.75
2015.04.06 20:39:36.319,0.90134,0.90172,1.00,1.75
2015.04.06 20:39:36.370,0.90134,0.90172,1.00,1.00
2015.04.06 20:39:36.573,0.90134,0.90173,1.00,1.50
2015.04.06 20:39:36.624,0.90125,0.90173,1.52,1.50
2015.04.06 20:39:36.775,0.90124,0.90173,2.32,1.75
2015.04.06 20:39:37.096,0.90124,0.90173,2.70,2.25
2015.04.06 20:39:37.696,0.90124,0.90175,2.32,1.75
2015.04.06 20:39:37.798,0.90124,0.90176,2.70,1.85
2015.04.06 20:39:38.050,0.90119,0.90173,3.45,2.40
2015.04.06 20:39:38.417,0.90119,0.90173,3.45,2.40
2015.04.06 20:39:38.838,0.90135,0.90171,1.00,1.92
2015.04.06 20:39:38.889,0.90135,0.90171,1.00,1.92
2015.04.06 20:39:39.040,0.9013,0.90171,1.00,1.92
2015.04.06 20:39:39.141,0.90121,0.90171,1.27,1.92
2015.04.06 20:39:39.646,0.90121,0.9017,1.52,1.85
2015.04.06 20:39:39.797,0.90121,0.9017,1.27,1.85
2015.04.06 20:39:40.100,0.90121,0.90173,1.52,2.40
2015.04.06 20:39:40.307,0.90121,0.90171,1.27,1.92
2015.04.06 20:39:40.616,0.90121,0.90173,1.52,1.90
2015.04.06 20:39:40.818,0.90121,0.90171,1.27,1.92
2015.04.06 20:39:41.126,0.90121,0.90171,1.52,1.92
2015.04.06 20:39:41.330,0.90121,0.90173,1.27,1.90
2015.04.06 20:39:41.533,0.90121,0.90171,1.52,1.92
2015.04.06 20:39:41.835,0.90121,0.90171,1.27,1.92
2015.04.06 20:39:42.310,0.90121,0.90171,1.52,1.92
2015.04.06 20:39:42.926,0.90121,0.90174,1.15,2.40
2015.04.06 20:39:43.484,0.9012,0.90174,1.52,2.40
2015.04.06 20:39:45.566,0.90125,0.90176,1.20,4.57
2015.04.06 20:39:45.617,0.90127,0.90176,1.07,4.50
2015.04.06 20:39:45.667,0.90127,0.90176,1.27,2.32
2015.04.06 20:39:45.768,0.90131,0.90182,1.00,4.57
2015.04.06 20:39:45.819,0.90133,0.90182,1.00,3.07
2015.04.06 20:39:46.071,0.90136,0.90185,1.10,1.52
2015.04.06 20:39:46.172,0.90138,0.90187,1.00,2.70
2015.04.06 20:39:46.373,0.90141,0.90194,1.17,2.32
2015.04.06 20:39:47.973,0.90141,0.90194,1.17,3.07
2015.04.06 20:39:49.353,0.90141,0.90194,1.55,3.07
2015.04.06 20:39:49.697,0.90144,0.90194,1.00,3.07
2015.04.06 20:39:49.798,0.90142,0.90194,1.20,3.07
2015.04.06 20:39:49.849,0.90142,0.90196,3.07,1.90
2015.04.06 20:39:50.710,0.90142,0.90189,2.32,1.75
2015.04.06 20:39:50.964,0.90142,0.90189,3.45,1.50
2015.04.06 20:39:51.166,0.90142,0.90193,1.10,3.82
2015.04.06 20:39:51.549,0.90141,0.90192,1.17,1.90
2015.04.06 20:39:51.655,0.90139,0.90184,1.00,1.90
2015.04.06 20:39:52.194,0.90137,0.90187,1.37,3.07
2015.04.06 20:39:52.306,0.90137,0.90187,1.45,3.00
2015.04.06 20:39:52.357,0.90137,0.90188,1.52,1.57
2015.04.06 20:39:52.407,0.90143,0.90188,2.25,1.57
2015.04.06 20:39:52.811,0.90144,0.90195,2.32,3.00
2015.04.06 20:39:52.862,0.90144,0.90195,2.32,3.00
2015.04.06 20:39:52.963,0.90144,0.90195,2.32,3.00
2015.04.06 20:39:53.013,0.9015,0.90195,2.32,1.75
2015.04.06 20:39:53.165,0.90151,0.90191,2.32,1.37
2015.04.06 20:39:53.367,0.90151,0.902,2.32,1.00
2015.04.06 20:39:53.418,0.90155,0.90208,2.32,4.87
2015.04.06 20:39:53.468,0.90156,0.90208,2.32,2.70
2015.04.06 20:39:53.519,0.90163,0.90209,2.25,1.45
2015.04.06 20:39:53.570,0.90164,0.90209,2.32,1.00
2015.04.06 20:39:53.621,0.90164,0.90211,2.32,1.00
2015.04.06 20:39:53.974,0.90171,0.90216,2.25,1.37
2015.04.06 20:39:54.327,0.90164,0.90218,2.32,1.90
2015.04.06 20:39:54.630,0.90164,0.90209,2.32,1.00
2015.04.06 20:39:54.932,0.90169,0.90221,2.32,1.85
2015.04.06 20:39:55.476,0.90175,0.90213,1.07,1.00
2015.04.06 20:39:55.527,0.90175,0.90218,1.15,1.37
2015.04.06 20:39:55.577,0.90175,0.90218,1.15,1.50
2015.04.06 20:39:55.780,0.90175,0.90217,1.52,1.12
2015.04.06 20:39:55.881,0.90174,0.90216,4.87,1.37
2015.04.06 20:39:56.482,0.90174,0.90217,5.62,1.00
2015.04.06 20:39:57.336,0.90177,0.90217,1.15,1.37
2015.04.06 20:39:57.437,0.90177,0.90228,1.15,1.27
2015.04.06 20:39:57.600,0.90176,0.90227,1.27,2.25
2015.04.06 20:39:58.037,0.90174,0.9023,4.50,2.40
2015.04.06 20:40:00.247,0.90174,0.90224,4.87,1.75
2015.04.06 20:40:00.787,0.90174,0.90227,4.50,1.75
2015.04.06 20:40:01.090,0.90174,0.90225,4.87,1.75
2015.04.06 20:40:01.202,0.90174,0.90225,4.87,1.75
2015.04.06 20:40:01.302,0.90174,0.90225,4.87,1.75
2015.04.06 20:40:03.109,0.90174,0.90227,4.87,2.25
2015.04.06 20:40:03.528,0.90174,0.90228,4.87,3.15
2015.04.06 20:40:03.917,0.90174,0.90228,4.50,3.15
2015.04.06 20:40:04.119,0.90174,0.90228,4.87,2.40
2015.04.06 20:40:04.220,0.90174,0.90223,4.50,2.25
2015.04.06 20:40:04.321,0.90174,0.90224,4.50,1.75
2015.04.06 20:40:04.515,0.90174,0.90223,4.50,2.25
2015.04.06 20:40:04.717,0.90174,0.90225,4.87,2.25
2015.04.06 20:40:06.633,0.90174,0.90223,5.25,1.75
2015.04.06 20:40:06.922,0.90174,0.90223,5.25,1.75
2015.04.06 20:40:16.447,0.90175,0.90223,2.32,1.75
2015.04.06 20:40:24.301,0.90175,0.90221,2.32,1.75
2015.04.06 20:40:27.017,0.90175,0.90219,2.32,1.75
2015.04.06 20:40:27.544,0.90175,0.90219,2.32,3.00
2015.04.06 20:40:28.220,0.90175,0.90216,2.32,1.75
2015.04.06 20:40:28.336,0.90174,0.90216,2.32,1.75
2015.04.06 20:40:28.387,0.90169,0.90216,2.32,1.75
2015.04.06 20:40:38.259,0.90169,0.90219,2.32,2.25
2015.04.06 20:40:38.561,0.90169,0.90218,2.70,1.75
2015.04.06 20:40:38.777,0.90169,0.90218,2.32,1.75
2015.04.06 20:40:39.062,0.90169,0.90216,2.70,1.75
2015.04.06 20:40:39.264,0.90169,0.90218,2.32,1.75
2015.04.06 20:40:39.567,0.90169,0.90217,2.70,1.75
2015.04.06 20:40:39.768,0.90169,0.90218,2.32,1.75
2015.04.06 20:40:40.081,0.90169,0.90216,2.70,1.75
2015.04.06 20:40:40.283,0.90169,0.90218,2.32,1.75
2015.04.06 20:40:40.570,0.90169,0.90218,2.70,1.75
2015.04.06 20:40:40.781,0.90169,0.90218,2.32,1.75
2015.04.06 20:40:40.983,0.90169,0.9022,2.32,2.25
2015.04.06 20:40:41.084,0.90175,0.90223,2.32,1.75
2015.04.06 20:40:42.112,0.90175,0.90219,2.32,1.37
2015.04.06 20:40:42.213,0.90175,0.90222,2.32,1.75
2015.04.06 20:40:42.579,0.90175,0.90223,2.32,2.25
2015.04.06 20:40:43.998,0.90175,0.90217,2.32,1.75
2015.04.06 20:40:44.099,0.90169,0.90214,2.32,1.75
2015.04.06 20:40:44.301,0.90169,0.90214,2.32,1.00
2015.04.06 20:40:44.503,0.90169,0.90225,2.32,2.02
2015.04.06 20:40:44.604,0.90169,0.90224,2.70,1.90
2015.04.06 20:40:44.741,0.90169,0.90224,2.32,1.52
2015.04.06 20:40:46.608,0.90169,0.90225,2.32,1.90
2015.04.06 20:40:46.810,0.90163,0.9022,2.32,2.70
2015.04.06 20:40:49.527,0.90163,0.90219,2.32,1.90
2015.04.06 20:40:49.865,0.90163,0.90208,2.32,1.75
2015.04.06 20:40:50.016,0.90163,0.90208,2.32,1.75
2015.04.06 20:40:50.319,0.90163,0.90208,2.32,1.75
2015.04.06 20:40:50.532,0.90163,0.90211,2.32,2.25
2015.04.06 20:40:52.346,0.90163,0.90213,2.32,1.50
2015.04.06 20:40:52.957,0.90163,0.90214,2.32,1.95
2015.04.06 20:40:53.523,0.90163,0.90214,2.32,2.32
2015.04.06 20:40:53.825,0.90163,0.90213,2.32,2.25
2015.04.06 20:40:54.027,0.90163,0.90211,2.32,2.25
2015.04.06 20:40:54.359,0.90163,0.90212,2.32,1.75
2015.04.06 20:40:54.525,0.90163,0.90209,2.32,1.75
2015.04.06 20:40:56.028,0.90163,0.90213,2.32,2.25
2015.04.06 20:40:56.578,0.90163,0.90211,2.32,1.75
2015.04.06 20:40:56.729,0.90163,0.90214,2.32,3.07
2015.04.06 20:40:58.303,0.90174,0.90218,1.00,2.40
2015.04.06 20:40:58.354,0.90174,0.9022,1.37,3.82
2015.04.06 20:40:58.455,0.90177,0.90225,1.10,1.90
2015.04.06 20:40:58.574,0.90177,0.90227,1.10,3.15
2015.04.06 20:40:58.625,0.90177,0.90227,4.50,3.00
2015.04.06 20:40:59.040,0.90177,0.90228,4.50,1.87
2015.04.06 20:40:59.141,0.90177,0.90228,5.25,1.37
2015.04.06 20:40:59.242,0.90184,0.90225,3.07,1.00
2015.04.06 20:40:59.545,0.9019,0.90227,2.32,1.00
2015.04.06 20:41:02.056,0.9019,0.90227,2.32,1.37
2015.04.06 20:41:02.562,0.9019,0.90227,2.32,1.00
2015.04.06 20:41:08.084,0.9019,0.90226,2.32,1.00
2015.04.06 20:41:09.205,0.9019,0.90228,2.32,1.00
2015.04.06 20:41:09.707,0.9019,0.90229,3.07,1.00
2015.04.06 20:41:19.367,0.902,0.90229,2.32,1.00
2015.04.06 20:41:19.417,0.902,0.90241,2.32,1.75
2015.04.06 20:41:19.468,0.902,0.90241,2.32,1.50
2015.04.06 20:41:19.670,0.902,0.90241,2.70,1.37
2015.04.06 20:41:19.872,0.90203,0.90241,1.15,1.00
2015.04.06 20:41:19.922,0.90212,0.90241,1.00,1.00
2015.04.06 20:41:20.128,0.90212,0.90247,1.00,1.00
2015.04.06 20:41:20.644,0.90212,0.90251,1.10,1.37
2015.04.06 20:41:20.830,0.90212,0.90251,1.10,1.75
2015.04.06 20:41:22.032,0.90212,0.9025,1.10,1.37
2015.04.06 20:41:22.134,0.90212,0.9025,1.10,1.75
2015.04.06 20:41:24.076,0.90212,0.90251,1.10,1.37
2015.04.06 20:41:24.178,0.90212,0.90251,1.10,1.75
2015.04.06 20:41:26.058,0.90212,0.90251,1.10,1.37
2015.04.06 20:41:26.143,0.90212,0.90251,1.10,1.75
2015.04.06 20:41:27.446,0.90212,0.9025,1.10,1.75
2015.04.06 20:41:27.947,0.90212,0.9025,1.10,1.37
2015.04.06 20:41:28.366,0.90212,0.9025,1.10,1.75
2015.04.06 20:41:32.577,0.90211,0.90247,1.17,1.75
2015.04.06 20:41:39.796,0.90209,0.90247,1.15,2.25
2015.04.06 20:41:41.378,0.90209,0.90245,1.15,1.75
2015.04.06 20:41:42.095,0.90209,0.90245,1.17,1.75
2015.04.06 20:41:43.288,0.90209,0.90245,1.17,1.75
2015.04.06 20:41:47.425,0.90208,0.90246,1.15,1.75
2015.04.06 20:41:48.145,0.90209,0.90244,1.17,1.75
2015.04.06 20:41:48.537,0.90209,0.90244,1.17,1.00
2015.04.06 20:41:48.588,0.9021,0.90247,1.10,1.50
2015.04.06 20:41:48.639,0.90214,0.90247,2.32,1.50
2015.04.06 20:41:48.740,0.90219,0.90249,1.17,1.00
2015.04.06 20:41:48.791,0.90223,0.90249,1.07,1.00
2015.04.06 20:41:48.842,0.90223,0.90258,1.15,1.50
2015.04.06 20:41:48.943,0.90223,0.90268,1.15,1.00
2015.04.06 20:41:48.993,0.90226,0.90268,2.25,1.00
2015.04.06 20:41:49.044,0.90226,0.90275,2.32,1.00
2015.04.06 20:41:49.095,0.90226,0.90277,2.32,1.00
2015.04.06 20:41:49.145,0.90239,0.90282,1.00,1.52
2015.04.06 20:41:49.246,0.90242,0.90284,1.00,1.20
2015.04.06 20:41:49.297,0.90244,0.90284,2.25,1.10
2015.04.06 20:41:49.398,0.90245,0.9029,1.15,1.50
2015.04.06 20:41:49.499,0.9025,0.90298,2.25,2.32
2015.04.06 20:41:50.054,0.9025,0.90294,2.32,1.50
2015.04.06 20:41:50.105,0.90249,0.90291,2.32,1.00
2015.04.06 20:41:50.155,0.90244,0.90291,2.32,1.00
2015.04.06 20:41:50.306,0.90244,0.90294,2.32,1.50
2015.04.06 20:41:50.357,0.90244,0.90283,2.32,1.00
2015.04.06 20:41:50.609,0.90244,0.90287,2.32,1.00
2015.04.06 20:41:50.710,0.90244,0.90293,2.32,1.00
2015.04.06 20:41:50.811,0.90244,0.90283,2.32,1.00
2015.04.06 20:41:51.132,0.90244,0.90283,2.32,1.75
2015.04.06 20:41:51.536,0.90238,0.90283,1.65,1.00
2015.04.06 20:41:51.687,0.90238,0.90287,1.65,1.00
2015.04.06 20:41:51.875,0.90238,0.90287,1.65,1.75
2015.04.06 20:41:55.539,0.90238,0.90291,2.02,1.92
2015.04.06 20:41:57.042,0.90237,0.90284,3.45,1.75
2015.04.06 20:41:58.956,0.90238,0.90282,1.15,1.37
2015.04.06 20:42:06.174,0.90238,0.90281,1.15,1.50
2015.04.06 20:42:10.264,0.90237,0.9028,2.70,1.37
2015.04.06 20:42:11.982,0.90237,0.90282,2.32,1.50
2015.04.06 20:42:12.083,0.90236,0.90282,1.15,1.00
2015.04.06 20:42:12.184,0.90236,0.90282,1.15,1.75
2015.04.06 20:42:12.418,0.90236,0.90282,1.15,1.00
2015.04.06 20:42:12.518,0.90236,0.90282,1.15,1.75
2015.04.06 20:42:16.594,0.90236,0.90283,1.65,2.25
2015.04.06 20:42:17.946,0.90236,0.90283,1.65,1.50
2015.04.06 20:42:32.408,0.90238,0.90283,1.00,1.65
2015.04.06 20:42:38.194,0.90237,0.90283,1.10,1.17
2015.04.06 20:42:38.896,0.90238,0.90283,1.00,1.65
2015.04.06 20:42:40.886,0.90238,0.90283,1.00,2.02
2015.04.06 20:42:42.889,0.90238,0.90283,1.00,1.65
2015.04.06 20:42:53.435,0.90238,0.90283,1.00,1.65
2015.04.06 20:42:53.962,0.90237,0.90283,1.00,1.15
2015.04.06 20:42:55.003,0.90238,0.90283,1.00,1.15
2015.04.06 20:42:55.053,0.90238,0.90283,1.00,1.65
2015.04.06 20:42:57.067,0.90237,0.90283,1.50,1.65
2015.04.06 20:42:57.986,0.90238,0.90283,1.00,1.65
2015.04.06 20:42:58.215,0.90238,0.90283,1.00,1.65
2015.04.06 20:42:58.752,0.90238,0.90283,1.00,2.40
2015.04.06 20:43:23.597,0.90238,0.90283,1.00,1.65
2015.04.06 20:43:32.696,0.90237,0.90283,1.00,1.15
2015.04.06 20:43:33.243,0.90238,0.90283,1.50,1.15
2015.04.06 20:43:34.343,0.90238,0.90283,1.50,1.15
2015.04.06 20:43:37.058,0.90249,0.90283,1.00,1.15
2015.04.06 20:43:37.159,0.90252,0.90287,1.12,1.00
2015.04.06 20:43:37.311,0.90252,0.9029,1.17,1.50
2015.04.06 20:43:37.563,0.90248,0.90295,1.15,1.00
2015.04.06 20:43:38.713,0.90248,0.90296,1.15,1.00
2015.04.06 20:43:39.566,0.90248,0.90296,1.15,1.37
2015.04.06 20:43:40.066,0.90245,0.90295,1.15,1.52
2015.04.06 20:43:40.375,0.90254,0.90295,1.10,1.12
2015.04.06 20:43:40.678,0.90257,0.90295,1.00,1.37
2015.04.06 20:43:41.268,0.90257,0.90295,1.00,1.00
2015.04.06 20:43:42.029,0.90257,0.90295,1.00,1.37
2015.04.06 20:43:42.486,0.90261,0.90291,1.00,1.37
2015.04.06 20:43:42.673,0.90261,0.90291,1.00,1.00
2015.04.06 20:43:42.774,0.90261,0.90291,1.00,1.37
2015.04.06 20:43:49.655,0.90261,0.90295,1.00,1.75
2015.04.06 20:43:49.871,0.90261,0.90295,1.00,1.37
2015.04.06 20:43:50.802,0.90261,0.90295,1.00,1.37
2015.04.06 20:43:50.954,0.90258,0.90295,1.00,1.37
2015.04.06 20:43:51.183,0.90256,0.90295,1.00,1.37
2015.04.06 20:43:54.883,0.90256,0.90295,1.00,1.87
2015.04.06 20:43:55.404,0.90256,0.90295,1.00,1.50
2015.04.06 20:43:55.904,0.90256,0.90293,1.00,1.75
2015.04.06 20:43:58.727,0.90256,0.9029,1.00,1.12
2015.04.06 20:43:59.223,0.90258,0.90291,1.00,1.37
2015.04.06 20:44:00.131,0.90258,0.90291,1.00,1.00
2015.04.06 20:44:00.399,0.90258,0.90291,1.00,1.37
2015.04.06 20:44:00.512,0.90258,0.90291,1.00,1.12
2015.04.06 20:44:02.687,0.90257,0.90292,1.00,1.37
2015.04.06 20:44:06.196,0.90258,0.90291,1.00,1.12
2015.04.06 20:44:12.442,0.90258,0.90291,1.00,1.37
2015.04.06 20:44:13.864,0.90258,0.90294,1.00,1.87
2015.04.06 20:44:15.470,0.90258,0.90291,1.00,1.12
2015.04.06 20:44:16.624,0.90254,0.90291,1.00,1.12
2015.04.06 20:44:21.536,0.90258,0.90291,1.00,1.12
2015.04.06 20:44:25.056,0.90258,0.90294,1.00,1.50
2015.04.06 20:44:28.063,0.90258,0.90292,1.00,1.12
2015.04.06 20:44:28.511,0.90257,0.90292,1.00,1.87
2015.04.06 20:44:30.490,0.90258,0.90291,1.00,1.37
2015.04.06 20:44:36.353,0.90258,0.90291,1.00,1.37
2015.04.06 20:44:36.403,0.90256,0.90291,1.00,1.37
2015.04.06 20:44:36.961,0.90255,0.90291,1.00,1.37
2015.04.06 20:44:37.490,0.90256,0.90291,1.00,1.37
2015.04.06 20:44:39.528,0.90257,0.90291,1.00,1.37
2015.04.06 20:44:48.103,0.90256,0.90292,1.00,1.37
2015.04.06 20:44:48.677,0.90256,0.90292,1.00,1.00
2015.04.06 20:44:48.778,0.90256,0.90292,1.00,1.87
2015.04.06 20:44:49.642,0.90257,0.90291,1.00,1.37
2015.04.06 20:44:51.222,0.90257,0.90295,1.00,3.37
2015.04.06 20:44:51.323,0.90257,0.90291,1.00,1.37
2015.04.06 20:44:51.634,0.90257,0.90291,1.00,1.37
2015.04.06 20:44:56.626,0.90256,0.90292,1.00,1.87
2015.04.06 20:44:58.096,0.90256,0.90292,1.00,1.50
2015.04.06 20:44:58.298,0.90257,0.90291,1.00,1.37
2015.04.06 20:45:00.135,0.90258,0.90291,1.00,1.37
2015.04.06 20:45:03.710,0.90258,0.90291,1.00,1.37
2015.04.06 20:45:10.123,0.90258,0.90291,1.00,1.00
2015.04.06 20:45:10.224,0.9025,0.90291,1.00,1.00
2015.04.06 20:45:10.426,0.90258,0.90292,1.00,1.00
2015.04.06 20:45:10.729,0.90254,0.90295,1.00,1.82
2015.04.06 20:45:10.930,0.90254,0.90295,1.00,1.45
2015.04.06 20:45:11.031,0.90256,0.90298,1.00,2.25
2015.04.06 20:45:11.775,0.90255,0.90297,1.50,1.00
2015.04.06 20:45:12.319,0.90256,0.90298,1.00,1.50
2015.04.06 20:45:12.470,0.90255,0.90298,1.50,2.25
2015.04.06 20:45:12.773,0.90252,0.90295,1.50,1.37
2015.04.06 20:45:12.892,0.90254,0.90296,1.00,1.37
2015.04.06 20:45:13.422,0.90255,0.90297,1.00,1.37
2015.04.06 20:45:13.955,0.90257,0.90298,1.00,2.25
2015.04.06 20:45:14.107,0.90254,0.90296,1.00,1.37
2015.04.06 20:45:15.261,0.90254,0.90295,1.00,1.12
2015.04.06 20:45:15.362,0.90254,0.90296,1.00,1.37
2015.04.06 20:45:15.664,0.90257,0.90293,1.00,1.10
2015.04.06 20:45:15.866,0.9024,0.90282,1.50,1.37
2015.04.06 20:45:15.917,0.9024,0.90282,1.87,1.37
2015.04.06 20:45:16.219,0.9024,0.90282,1.50,1.37
2015.04.06 20:45:17.413,0.9024,0.90282,1.50,1.37
2015.04.06 20:45:18.133,0.9024,0.90282,1.87,1.50
2015.04.06 20:45:20.099,0.9024,0.90282,1.50,1.37
2015.04.06 20:45:20.712,0.9024,0.90282,1.00,1.00
2015.04.06 20:45:20.813,0.90242,0.90285,1.00,1.00
2015.04.06 20:45:20.914,0.90244,0.90286,1.00,1.00
2015.04.06 20:45:22.103,0.90244,0.90284,1.00,1.00
2015.04.06 20:45:22.382,0.90234,0.90276,1.00,1.12
2015.04.06 20:45:22.432,0.90231,0.90273,1.50,1.00
2015.04.06 20:45:23.209,0.90233,0.90276,1.00,1.00
2015.04.06 20:45:23.310,0.90235,0.90277,1.00,1.00
2015.04.06 20:45:24.182,0.90235,0.90277,1.00,1.37
2015.04.06 20:45:25.542,0.90235,0.90277,1.00,1.00
2015.04.06 20:45:25.945,0.90237,0.90279,1.00,1.37
2015.04.06 20:45:25.996,0.90237,0.90279,1.00,1.00
2015.04.06 20:45:26.853,0.90238,0.9028,1.00,1.37
2015.04.06 20:45:27.365,0.90238,0.9028,1.37,1.00
2015.04.06 20:45:27.517,0.90241,0.90283,1.37,1.00
2015.04.06 20:45:27.618,0.90242,0.90285,1.00,1.00
2015.04.06 20:45:30.275,0.90243,0.90285,1.00,1.00
2015.04.06 20:45:31.180,0.90243,0.90285,1.00,1.50
2015.04.06 20:45:31.231,0.90241,0.90285,1.00,1.50
2015.04.06 20:45:31.281,0.90241,0.90279,1.00,1.07
2015.04.06 20:45:31.332,0.90231,0.9027,1.00,1.00
2015.04.06 20:45:31.592,0.90234,0.90277,1.00,1.15
2015.04.06 20:45:32.108,0.90235,0.90278,1.00,1.15
2015.04.06 20:45:34.743,0.9024,0.90278,1.00,1.15
2015.04.06 20:45:34.844,0.9024,0.90278,1.00,1.00
2015.04.06 20:45:34.945,0.9024,0.90283,1.50,1.87
2015.04.06 20:45:35.046,0.9024,0.90283,1.00,1.87
2015.04.06 20:45:35.097,0.90236,0.90279,1.07,1.00
2015.04.06 20:45:35.399,0.9024,0.90275,1.00,1.00
2015.04.06 20:45:35.450,0.9024,0.90279,1.00,1.37
2015.04.06 20:45:35.552,0.9024,0.90273,1.00,1.00
2015.04.06 20:45:35.759,0.90231,0.90273,1.00,1.00
2015.04.06 20:45:35.861,0.90233,0.90276,1.00,1.37
2015.04.06 20:45:36.170,0.90236,0.90278,1.00,1.00
2015.04.06 20:45:46.957,0.90238,0.90278,1.00,1.00
2015.04.06 20:45:53.321,0.90239,0.90278,1.00,1.00
2015.04.06 20:45:53.934,0.9024,0.90279,1.00,1.00
2015.04.06 20:45:54.439,0.9024,0.9028,1.00,1.00
2015.04.06 20:45:57.653,0.90244,0.9028,1.00,1.00
2015.04.06 20:45:57.855,0.90249,0.90286,1.00,1.00
2015.04.06 20:45:57.956,0.90245,0.90287,1.00,1.00
2015.04.06 20:45:58.108,0.90243,0.90285,1.10,1.00
2015.04.06 20:45:58.210,0.90241,0.90287,1.17,1.00
2015.04.06 20:45:58.951,0.90241,0.90288,1.65,1.12
2015.04.06 20:45:59.933,0.90242,0.90287,1.07,1.00
2015.04.06 20:46:04.300,0.9024,0.90287,1.15,1.37
2015.04.06 20:46:04.502,0.9024,0.90287,1.00,1.00
2015.04.06 20:46:04.553,0.90237,0.90287,1.00,1.00
2015.04.06 20:46:04.603,0.90237,0.90287,1.00,1.75
2015.04.06 20:46:04.906,0.9024,0.90287,1.00,1.50
2015.04.06 20:46:05.051,0.90237,0.90287,1.00,1.50
2015.04.06 20:46:05.304,0.90237,0.90289,1.00,1.75
2015.04.06 20:46:05.355,0.90233,0.90289,1.15,1.75
2015.04.06 20:46:05.405,0.90233,0.90283,1.07,1.75
2015.04.06 20:46:05.456,0.9023,0.90283,1.00,1.75
2015.04.06 20:46:05.507,0.9023,0.90283,1.00,1.37
2015.04.06 20:46:05.608,0.90227,0.9028,1.00,1.00
2015.04.06 20:46:05.659,0.90229,0.9028,1.00,1.00
2015.04.06 20:46:05.709,0.90229,0.90283,1.00,1.37
2015.04.06 20:46:06.473,0.90229,0.90283,1.00,1.75
2015.04.06 20:46:06.908,0.90231,0.90273,1.00,1.12
2015.04.06 20:46:10.426,0.9023,0.90272,1.00,1.00
2015.04.06 20:46:10.729,0.90229,0.90269,1.00,1.00
2015.04.06 20:46:11.926,0.90229,0.9027,1.00,1.00
2015.04.06 20:46:17.676,0.90241,0.9027,1.00,1.00
2015.04.06 20:46:17.777,0.90239,0.90276,1.00,1.00
2015.04.06 20:46:17.979,0.90243,0.90281,1.00,1.00
2015.04.06 20:46:18.131,0.90243,0.90284,1.57,1.00
2015.04.06 20:46:18.181,0.90247,0.90284,1.00,1.00
2015.04.06 20:46:18.232,0.90247,0.90301,1.00,1.20
2015.04.06 20:46:18.333,0.90247,0.90302,1.00,1.55
2015.04.06 20:46:18.434,0.90248,0.90286,1.00,1.00
2015.04.06 20:46:18.740,0.90248,0.90284,1.00,1.00
2015.04.06 20:46:18.791,0.90248,0.90302,1.00,1.55
2015.04.06 20:46:18.841,0.90248,0.90302,1.00,1.92
2015.04.06 20:46:18.942,0.90248,0.90302,1.00,1.65
2015.04.06 20:46:19.043,0.90249,0.90299,1.00,1.50
2015.04.06 20:46:19.145,0.90249,0.90302,1.00,1.55
2015.04.06 20:46:19.195,0.90249,0.90286,1.00,1.00
2015.04.06 20:46:19.448,0.90249,0.90299,1.00,1.00
2015.04.06 20:46:20.106,0.90249,0.90302,1.00,1.55
2015.04.06 20:46:20.316,0.90249,0.90302,1.00,1.27
2015.04.06 20:46:22.513,0.90249,0.90302,1.00,1.55
2015.04.06 20:46:22.612,0.90249,0.90302,1.00,1.55
2015.04.06 20:46:22.838,0.90249,0.90302,1.00,1.65
2015.04.06 20:46:23.345,0.90248,0.90302,1.00,1.65
2015.04.06 20:46:23.648,0.90255,0.90303,1.00,2.02
2015.04.06 20:46:23.749,0.90255,0.90308,1.12,1.75
2015.04.06 20:46:24.054,0.90255,0.90307,1.00,1.75
2015.04.06 20:46:24.408,0.90257,0.90307,1.00,1.75
2015.04.06 20:46:24.690,0.90255,0.90307,1.00,1.75
2015.04.06 20:46:24.952,0.90255,0.90307,1.00,1.50
2015.04.06 20:46:25.053,0.90255,0.90306,1.00,1.75
2015.04.06 20:46:25.357,0.90256,0.90295,1.00,1.00
2015.04.06 20:46:25.906,0.90256,0.90296,1.12,1.00
2015.04.06 20:46:29.224,0.90255,0.90296,1.00,1.00
2015.04.06 20:46:29.527,0.90247,0.903,1.90,2.25
2015.04.06 20:46:29.578,0.90249,0.90306,1.90,1.75
2015.04.06 20:46:29.679,0.90255,0.903,1.12,1.00
2015.04.06 20:46:29.780,0.90255,0.9029,1.12,1.00
2015.04.06 20:46:29.982,0.90255,0.90307,1.12,1.00
2015.04.06 20:46:30.183,0.90255,0.90296,1.50,1.00
2015.04.06 20:46:30.436,0.90255,0.90307,1.37,1.00
2015.04.06 20:46:30.651,0.90256,0.90295,1.00,1.00
2015.04.06 20:46:30.853,0.90256,0.90307,1.00,1.12
2015.04.06 20:46:31.316,0.90259,0.90296,1.00,1.00
2015.04.06 20:46:31.618,0.90259,0.90307,1.00,1.00
2015.04.06 20:46:31.971,0.9026,0.90307,1.00,1.37
2015.04.06 20:46:32.274,0.9026,0.90298,1.00,1.00
2015.04.06 20:46:32.566,0.9026,0.90307,1.00,1.37
2015.04.06 20:46:32.617,0.90251,0.90307,1.00,1.90
2015.04.06 20:46:32.769,0.90249,0.90295,1.00,1.37
2015.04.06 20:46:32.971,0.90251,0.90306,1.00,1.15
2015.04.06 20:46:33.073,0.90254,0.90308,1.00,3.37
2015.04.06 20:46:33.124,0.90254,0.90307,1.00,1.12
2015.04.06 20:46:35.249,0.90254,0.90307,1.00,1.75
2015.04.06 20:46:38.361,0.90254,0.90303,1.00,1.75
2015.04.06 20:46:38.933,0.90255,0.90303,1.00,1.75
2015.04.06 20:46:41.960,0.90253,0.90303,1.00,1.75
2015.04.06 20:46:42.061,0.90253,0.903,1.00,1.00
2015.04.06 20:46:42.263,0.90253,0.90299,1.00,1.37
2015.04.06 20:46:42.612,0.90254,0.90296,1.00,1.37
2015.04.06 20:46:42.663,0.90251,0.90294,1.65,1.12
2015.04.06 20:46:42.797,0.90254,0.90296,1.00,1.37
2015.04.06 20:46:42.915,0.90251,0.90299,1.17,1.50
2015.04.06 20:46:43.067,0.90253,0.90299,1.00,1.00
2015.04.06 20:46:43.168,0.90253,0.90299,1.00,1.37
2015.04.06 20:46:43.600,0.90253,0.90299,1.00,1.00
2015.04.06 20:46:43.701,0.90253,0.90299,1.00,1.37
2015.04.06 20:46:45.591,0.90253,0.903,1.00,1.00
2015.04.06 20:46:45.706,0.90253,0.903,1.00,1.50
2015.04.06 20:46:47.621,0.90253,0.90299,1.00,1.00
2015.04.06 20:46:47.722,0.90253,0.90299,1.00,1.50
2015.04.06 20:46:48.100,0.90253,0.90299,1.00,1.00
2015.04.06 20:46:48.202,0.90251,0.903,1.17,2.25
2015.04.06 20:46:48.614,0.90253,0.90299,1.00,1.00
2015.04.06 20:46:48.715,0.90253,0.90299,1.00,1.75
2015.04.06 20:46:48.868,0.90253,0.90299,1.00,1.00
2015.04.06 20:46:48.983,0.90253,0.90299,1.00,1.37
2015.04.06 20:46:50.301,0.90253,0.90299,1.00,1.75
2015.04.06 20:46:50.731,0.90253,0.90299,1.00,1.37
2015.04.06 20:46:59.009,0.90251,0.90299,1.00,1.37
2015.04.06 20:46:59.721,0.9025,0.90299,1.00,1.37
2015.04.06 20:47:00.710,0.9025,0.90299,1.37,1.75
2015.04.06 20:47:04.154,0.9025,0.90299,1.00,1.00
2015.04.06 20:47:04.255,0.90249,0.90299,1.00,1.75
2015.04.06 20:47:04.460,0.90249,0.90299,1.00,1.37
2015.04.06 20:47:04.560,0.90249,0.90299,1.00,1.00
2015.04.06 20:47:04.662,0.90249,0.90299,1.00,1.50
2015.04.06 20:47:05.827,0.90249,0.90299,1.00,1.75
2015.04.06 20:47:05.928,0.90249,0.90299,1.00,1.50
2015.04.06 20:47:05.979,0.90249,0.9029,1.50,1.00
2015.04.06 20:47:06.522,0.90249,0.9029,1.50,1.37
2015.04.06 20:47:14.807,0.90249,0.90288,1.00,1.00
2015.04.06 20:47:17.283,0.90247,0.90288,1.00,1.00
2015.04.06 20:47:19.515,0.90248,0.90287,1.00,1.00
2015.04.06 20:47:19.666,0.90248,0.90285,1.00,1.00
2015.04.06 20:47:20.193,0.90247,0.90285,1.00,1.00
2015.04.06 20:47:22.271,0.90247,0.90287,1.00,1.00
2015.04.06 20:47:24.933,0.90247,0.90285,1.00,1.00
2015.04.06 20:47:24.984,0.90243,0.90285,1.65,1.00
2015.04.06 20:47:25.495,0.90244,0.90286,1.57,1.00
2015.04.06 20:47:28.111,0.90239,0.90283,1.87,1.00
2015.04.06 20:47:28.308,0.90239,0.90281,1.87,1.00
2015.04.06 20:47:28.832,0.90239,0.90281,1.87,1.00
2015.04.06 20:47:35.242,0.90238,0.9028,1.50,1.00
2015.04.06 20:47:35.559,0.9024,0.90282,1.00,1.00
2015.04.06 20:47:47.194,0.90241,0.90282,1.00,1.00
2015.04.06 20:47:51.384,0.9024,0.90282,1.50,1.00
2015.04.06 20:47:51.698,0.90242,0.90283,1.00,1.00
2015.04.06 20:47:59.106,0.90243,0.90283,1.00,1.00
2015.04.06 20:47:59.157,0.90244,0.90286,1.00,1.00
2015.04.06 20:47:59.359,0.90247,0.90289,1.00,1.00
2015.04.06 20:48:00.111,0.90248,0.9029,1.00,1.00
2015.04.06 20:48:00.503,0.90251,0.90293,1.00,1.00
2015.04.06 20:48:01.595,0.90251,0.90293,1.00,1.37
2015.04.06 20:48:01.751,0.90249,0.9029,1.00,1.37
2015.04.06 20:48:02.416,0.90247,0.90289,1.00,1.75
2015.04.06 20:48:02.517,0.90247,0.90289,1.00,1.37
2015.04.06 20:48:02.627,0.90245,0.90287,1.00,1.37
2015.04.06 20:48:05.591,0.90245,0.90287,1.00,1.37
2015.04.06 20:48:06.120,0.90244,0.90288,1.10,1.37
2015.04.06 20:48:06.829,0.90244,0.90288,1.10,1.75
2015.04.06 20:48:08.997,0.90244,0.90282,1.10,1.75
2015.04.06 20:48:11.049,0.90244,0.90286,1.00,2.25
2015.04.06 20:48:13.917,0.90244,0.90287,1.00,1.75
2015.04.06 20:48:14.702,0.90244,0.9028,1.00,1.75
2015.04.06 20:48:15.125,0.90244,0.9028,1.00,1.75
2015.04.06 20:48:17.963,0.90244,0.90283,1.00,1.75
2015.04.06 20:48:18.137,0.90246,0.90283,1.00,1.75
2015.04.06 20:48:18.435,0.90246,0.90283,1.00,1.37
2015.04.06 20:48:18.739,0.90245,0.90284,1.00,2.25
2015.04.06 20:48:18.840,0.90232,0.90284,2.40,1.87
2015.04.06 20:48:19.042,0.90246,0.90283,1.00,1.37
2015.04.06 20:48:19.143,0.90243,0.90283,1.00,1.37
2015.04.06 20:48:19.348,0.90246,0.90283,1.00,1.37
2015.04.06 20:48:20.919,0.90245,0.90283,1.00,1.37
2015.04.06 20:48:21.969,0.90245,0.90285,1.00,1.00
2015.04.06 20:48:22.020,0.90245,0.90288,1.00,1.37
2015.04.06 20:48:22.121,0.90247,0.90287,1.00,1.12
2015.04.06 20:48:22.434,0.90248,0.90289,1.00,1.00
2015.04.06 20:48:22.485,0.90248,0.90289,1.00,1.37
2015.04.06 20:48:23.005,0.90249,0.90289,1.00,1.37
2015.04.06 20:48:23.653,0.90249,0.90289,1.00,1.37
2015.04.06 20:48:24.221,0.90248,0.90288,1.00,1.37
2015.04.06 20:48:32.410,0.90248,0.90288,1.00,1.37
2015.04.06 20:48:32.460,0.90246,0.90286,1.00,1.12
2015.04.06 20:48:32.998,0.90247,0.90287,1.00,1.37
2015.04.06 20:48:33.099,0.90247,0.90287,1.00,1.75
2015.04.06 20:48:33.639,0.90246,0.90287,1.00,1.37
2015.04.06 20:48:34.114,0.90246,0.90287,1.00,1.75
2015.04.06 20:48:35.512,0.90246,0.90287,1.00,1.37
2015.04.06 20:48:38.819,0.90246,0.90287,1.00,1.00
2015.04.06 20:48:39.172,0.90248,0.90288,1.00,1.00
2015.04.06 20:48:39.676,0.90249,0.9029,1.00,1.37
2015.04.06 20:48:41.673,0.9025,0.9029,1.00,1.37
2015.04.06 20:48:42.150,0.90252,0.90292,1.00,1.37
2015.04.06 20:48:55.712,0.90252,0.90292,1.37,1.75
2015.04.06 20:48:56.215,0.90252,0.90292,1.00,1.37
2015.04.06 20:48:57.019,0.90252,0.90292,1.00,1.37
2015.04.06 20:48:57.221,0.90252,0.90294,1.87,1.50
2015.04.06 20:48:58.158,0.90252,0.90294,1.50,1.37
2015.04.06 20:48:58.697,0.90253,0.90293,1.00,1.12
2015.04.06 20:49:00.088,0.90249,0.9029,1.00,1.37
2015.04.06 20:49:19.211,0.90249,0.9029,1.00,1.37
2015.04.06 20:49:29.668,0.90248,0.90289,1.00,1.12
2015.04.06 20:49:29.769,0.90247,0.90287,1.00,1.00
