2018.02.21 05:00:00.111,0.78983,0.78993,2.25,1.00
2018.02.21 05:00:00.265,0.78988,0.78999,1.00,2.44
2018.02.21 05:00:00.548,0.78987,0.78997,1.69,1.00
2018.02.21 05:00:01.008,0.78985,0.78995,1.25,1.00
2018.02.21 05:00:01.212,0.78985,0.78997,1.87,2.81
2018.02.21 05:00:02.213,0.78986,0.78997,1.44,1.87
2018.02.21 05:00:02.473,0.78986,0.78994,1.87,1.00
2018.02.21 05:00:02.821,0.78996,0.79001,1.44,1.00
2018.02.21 05:00:02.872,0.78995,0.79002,1.37,1.00
2018.02.21 05:00:03.177,0.78997,0.79005,1.25,1.12
2018.02.21 05:00:03.483,0.79,0.79008,1.25,2.25
2018.02.21 05:00:03.677,0.79001,0.79012,1.87,3.00
2018.02.21 05:00:03.728,0.79002,0.79012,1.12,1.00
2018.02.21 05:00:03.881,0.79,0.7901,1.12,1.00
2018.02.21 05:00:04.470,0.79,0.7901,1.44,1.00
2018.02.21 05:00:04.880,0.78998,0.79007,1.87,1.00
2018.02.21 05:00:05.832,0.78998,0.79007,1.00,1.87
2018.02.21 05:00:06.137,0.78994,0.79004,1.25,1.12
2018.02.21 05:00:06.241,0.78992,0.79002,1.87,1.00
2018.02.21 05:00:06.863,0.78994,0.79004,1.25,1.12
2018.02.21 05:00:07.196,0.78995,0.79006,1.87,1.00
2018.02.21 05:00:07.709,0.78996,0.79006,1.69,1.00
2018.02.21 05:00:08.662,0.78995,0.79006,1.50,1.50
2018.02.21 05:00:09.007,0.78995,0.79004,1.00,1.00
2018.02.21 05:00:09.458,0.78993,0.79002,1.00,1.00
2018.02.21 05:00:09.763,0.78991,0.79001,1.25,1.00
2018.02.21 05:00:10.016,0.78993,0.79003,1.25,1.00
2018.02.21 05:00:10.894,0.78994,0.79003,1.25,1.00
2018.02.21 05:00:12.141,0.78994,0.79005,1.69,1.50
2018.02.21 05:00:12.783,0.78992,0.79003,3.37,1.00
2018.02.21 05:00:13.134,0.78995,0.79005,1.87,1.00
2018.02.21 05:00:13.635,0.78997,0.79008,2.62,1.12
2018.02.21 05:00:13.736,0.78999,0.79008,1.44,1.12
2018.02.21 05:00:13.787,0.78999,0.7901,1.87,1.00
2018.02.21 05:00:14.304,0.78998,0.79009,2.25,1.00
2018.02.21 05:00:14.724,0.78997,0.79009,2.44,1.12
2018.02.21 05:00:15.515,0.78995,0.79006,3.75,1.00
2018.02.21 05:00:16.397,0.78995,0.79006,1.12,1.87
2018.02.21 05:00:18.309,0.78995,0.79006,3.00,1.87
2018.02.21 05:00:23.144,0.78995,0.79006,2.06,1.50
2018.02.21 05:00:23.447,0.7899,0.79001,1.00,1.00
2018.02.21 05:00:23.762,0.78989,0.78999,1.12,1.00
2018.02.21 05:00:26.006,0.7899,0.78999,1.25,1.00
2018.02.21 05:00:26.526,0.78989,0.78999,1.00,1.00
2018.02.21 05:00:26.629,0.78987,0.78998,1.00,1.00
2018.02.21 05:00:29.002,0.78987,0.78998,2.62,1.50
2018.02.21 05:00:30.167,0.78988,0.78999,2.25,1.12
2018.02.21 05:00:32.898,0.7899,0.78999,1.31,1.12
2018.02.21 05:00:32.999,0.78991,0.79001,1.31,1.50
2018.02.21 05:00:34.581,0.78992,0.79002,1.00,1.12
2018.02.21 05:00:35.095,0.78993,0.79003,1.31,1.00
2018.02.21 05:00:35.881,0.78993,0.79003,2.44,1.00
2018.02.21 05:00:36.692,0.78993,0.79003,1.00,1.00
2018.02.21 05:00:36.897,0.78991,0.79001,1.12,1.00
2018.02.21 05:00:37.202,0.78988,0.78998,2.25,1.00
2018.02.21 05:00:38.026,0.78989,0.79001,1.31,3.19
2018.02.21 05:00:38.179,0.78991,0.79001,1.12,1.00
2018.02.21 05:00:38.778,0.78991,0.79002,2.62,1.50
2018.02.21 05:00:40.109,0.78991,0.79002,3.75,1.00
2018.02.21 05:00:43.159,0.78991,0.79002,3.00,1.00
2018.02.21 05:00:43.465,0.78988,0.78998,1.44,1.00
2018.02.21 05:00:43.768,0.78991,0.79001,1.25,1.00
2018.02.21 05:00:44.300,0.78991,0.79002,1.69,1.00
2018.02.21 05:00:48.218,0.78992,0.79003,1.00,1.87
2018.02.21 05:00:49.787,0.78994,0.79003,1.00,1.12
2018.02.21 05:00:49.838,0.78994,0.79005,1.00,1.50
2018.02.21 05:00:50.045,0.78997,0.79008,1.00,1.00
2018.02.21 05:00:53.320,0.78997,0.79007,1.00,1.25
2018.02.21 05:00:53.832,0.78997,0.79008,1.00,1.25
2018.02.21 05:00:54.367,0.78996,0.79007,1.12,1.87
2018.02.21 05:00:54.869,0.78995,0.79006,1.00,1.00
2018.02.21 05:00:55.216,0.78995,0.79004,1.00,1.00
2018.02.21 05:00:55.748,0.78993,0.79002,1.00,1.00
2018.02.21 05:00:56.266,0.78996,0.79004,1.00,1.12
2018.02.21 05:00:56.418,0.78996,0.79007,1.25,1.00
2018.02.21 05:00:57.580,0.78996,0.79007,1.00,1.87
2018.02.21 05:00:57.964,0.78995,0.79004,1.00,1.00
2018.02.21 05:00:59.237,0.78993,0.79004,1.00,1.00
2018.02.21 05:00:59.289,0.78992,0.79002,2.06,1.00
2018.02.21 05:00:59.605,0.7899,0.79,2.25,1.00
2018.02.21 05:01:00.155,0.78989,0.79,1.12,1.50
2018.02.21 05:01:02.543,0.78991,0.79,1.25,1.00
2018.02.21 05:01:02.645,0.78994,0.79005,3.75,1.00
2018.02.21 05:01:02.698,0.78997,0.79008,1.00,4.50
2018.02.21 05:01:03.007,0.78999,0.79008,1.00,1.00
2018.02.21 05:01:04.005,0.78997,0.79008,1.12,1.50
2018.02.21 05:01:04.781,0.78999,0.7901,1.00,3.19
2018.02.21 05:01:05.176,0.79001,0.79012,1.00,2.25
2018.02.21 05:01:05.678,0.79001,0.79012,1.00,2.44
2018.02.21 05:01:05.983,0.78997,0.79008,2.06,1.00
2018.02.21 05:01:08.266,0.78995,0.79006,2.25,1.00
2018.02.21 05:01:08.768,0.78996,0.79006,1.00,1.00
2018.02.21 05:01:09.296,0.78995,0.79006,2.44,1.50
2018.02.21 05:01:09.658,0.78995,0.79004,1.00,1.00
2018.02.21 05:01:09.926,0.78995,0.79006,1.50,1.00
2018.02.21 05:01:11.504,0.78998,0.79008,1.25,2.62
2018.02.21 05:01:11.555,0.78998,0.7901,1.69,3.19
2018.02.21 05:01:11.709,0.79,0.7901,1.00,1.25
2018.02.21 05:01:12.016,0.79003,0.79012,1.00,1.00
2018.02.21 05:01:12.219,0.79003,0.79014,1.50,1.69
2018.02.21 05:01:12.784,0.79003,0.79013,1.25,1.00
2018.02.21 05:01:13.486,0.79002,0.79013,1.25,1.50
2018.02.21 05:01:14.338,0.79001,0.79013,2.81,1.69
2018.02.21 05:01:14.917,0.79001,0.79011,1.12,1.00
2018.02.21 05:01:15.445,0.79,0.79011,1.69,1.50
2018.02.21 05:01:15.757,0.79003,0.79013,1.25,3.00
2018.02.21 05:01:16.831,0.79,0.79011,1.87,1.00
2018.02.21 05:01:17.354,0.79001,0.79011,1.25,1.00
2018.02.21 05:01:18.100,0.79,0.79011,1.87,1.00
2018.02.21 05:01:18.836,0.79001,0.79011,1.25,1.00
2018.02.21 05:01:18.938,0.79002,0.79013,1.69,1.00
2018.02.21 05:01:19.479,0.79002,0.79014,1.87,1.00
2018.02.21 05:01:20.196,0.79003,0.79014,1.25,1.00
2018.02.21 05:01:21.272,0.79003,0.79012,1.25,1.00
2018.02.21 05:01:21.816,0.79003,0.79014,1.25,1.50
2018.02.21 05:01:25.125,0.79002,0.79011,1.25,1.00
2018.02.21 05:01:25.277,0.79003,0.79013,1.25,2.25
2018.02.21 05:01:26.870,0.79002,0.79013,1.25,1.00
2018.02.21 05:01:26.921,0.79001,0.79011,1.31,1.00
2018.02.21 05:01:28.573,0.79,0.79011,1.69,1.00
2018.02.21 05:01:28.911,0.78999,0.79009,1.25,1.00
2018.02.21 05:01:29.858,0.78998,0.79009,2.06,1.00
2018.02.21 05:01:30.366,0.78999,0.79009,1.25,1.00
2018.02.21 05:01:30.883,0.78999,0.7901,1.69,1.00
2018.02.21 05:01:31.431,0.79,0.7901,1.69,1.00
2018.02.21 05:01:32.905,0.79001,0.79011,1.00,1.00
2018.02.21 05:01:33.264,0.79003,0.79012,1.00,1.87
2018.02.21 05:01:35.260,0.79005,0.79012,1.25,1.12
2018.02.21 05:01:35.769,0.79006,0.79012,1.25,1.00
2018.02.21 05:01:36.741,0.79009,0.79015,1.00,1.12
2018.02.21 05:01:36.843,0.79009,0.79017,1.00,1.00
2018.02.21 05:01:37.378,0.79007,0.79018,1.25,1.12
2018.02.21 05:01:37.533,0.79006,0.79016,1.19,1.00
2018.02.21 05:01:38.021,0.79009,0.79016,1.00,1.00
2018.02.21 05:01:38.072,0.79009,0.79018,1.00,1.12
2018.02.21 05:01:38.294,0.7901,0.7902,1.00,1.00
2018.02.21 05:01:38.447,0.79008,0.7902,1.87,1.00
2018.02.21 05:01:38.549,0.79008,0.79017,1.25,1.00
2018.02.21 05:01:39.079,0.79007,0.79017,1.25,1.50
2018.02.21 05:01:39.661,0.79007,0.79017,1.44,1.50
2018.02.21 05:01:40.396,0.79006,0.79017,1.87,1.50
2018.02.21 05:01:40.705,0.79006,0.79015,1.44,1.00
2018.02.21 05:01:40.931,0.79007,0.79017,1.12,1.50
2018.02.21 05:01:42.168,0.79007,0.79017,1.44,1.50
2018.02.21 05:01:42.674,0.79006,0.79015,1.44,1.00
2018.02.21 05:01:42.797,0.79006,0.79018,3.37,1.12
2018.02.21 05:01:43.346,0.79008,0.79018,1.25,1.12
2018.02.21 05:01:43.944,0.7901,0.79019,1.44,1.00
2018.02.21 05:01:44.149,0.79011,0.79021,1.25,1.00
2018.02.21 05:01:44.831,0.79012,0.79021,1.12,1.00
2018.02.21 05:01:45.412,0.79011,0.79021,1.12,1.00
2018.02.21 05:01:46.044,0.79011,0.79021,2.62,1.00
2018.02.21 05:01:46.803,0.79011,0.79021,1.87,1.00
2018.02.21 05:01:46.956,0.7901,0.79019,1.12,1.00
2018.02.21 05:01:47.059,0.79011,0.79021,1.00,1.00
2018.02.21 05:01:48.678,0.7901,0.79021,1.12,1.00
2018.02.21 05:01:49.253,0.79011,0.79021,1.25,1.00
2018.02.21 05:01:49.572,0.79011,0.79019,1.00,1.00
2018.02.21 05:01:49.624,0.79011,0.79021,1.00,1.00
2018.02.21 05:01:50.895,0.79011,0.79021,1.44,1.00
2018.02.21 05:01:51.624,0.79012,0.79022,1.25,1.50
2018.02.21 05:01:51.813,0.79011,0.7902,2.62,1.00
2018.02.21 05:01:52.415,0.79012,0.79022,1.69,1.00
2018.02.21 05:01:52.916,0.79012,0.79023,1.69,1.12
2018.02.21 05:01:54.109,0.79012,0.79023,1.87,1.12
2018.02.21 05:01:54.985,0.79014,0.79025,1.12,1.50
2018.02.21 05:01:55.037,0.79012,0.79023,2.25,1.00
2018.02.21 05:01:55.088,0.79014,0.79025,1.00,1.25
2018.02.21 05:01:56.424,0.79015,0.79025,1.12,1.00
2018.02.21 05:01:56.526,0.79018,0.79027,1.12,1.00
2018.02.21 05:01:56.578,0.79019,0.7903,1.00,1.87
2018.02.21 05:01:56.941,0.79021,0.79031,1.00,1.00
2018.02.21 05:01:56.993,0.79019,0.79031,1.25,1.69
2018.02.21 05:01:57.147,0.79022,0.79032,1.00,2.06
2018.02.21 05:01:59.080,0.7902,0.79031,1.50,1.69
2018.02.21 05:01:59.232,0.79022,0.79033,1.00,2.44
2018.02.21 05:01:59.391,0.79022,0.79034,1.25,3.19
2018.02.21 05:01:59.543,0.79022,0.79032,1.12,1.00
2018.02.21 05:02:00.001,0.79024,0.79032,1.00,1.00
2018.02.21 05:02:00.051,0.79024,0.79034,1.00,1.00
2018.02.21 05:02:01.037,0.79025,0.79034,1.00,1.00
2018.02.21 05:02:01.240,0.79026,0.79037,1.25,1.00
2018.02.21 05:02:01.928,0.79025,0.79037,1.69,1.00
2018.02.21 05:02:03.866,0.79024,0.79035,1.31,1.00
2018.02.21 05:02:04.223,0.79022,0.79034,1.50,1.69
2018.02.21 05:02:04.487,0.7902,0.79031,3.19,1.00
2018.02.21 05:02:04.639,0.79018,0.79029,2.25,1.00
2018.02.21 05:02:04.792,0.7902,0.79029,1.00,1.00
2018.02.21 05:02:04.846,0.7902,0.79031,1.25,1.50
2018.02.21 05:02:05.199,0.79021,0.79032,1.87,1.12
2018.02.21 05:02:05.648,0.79022,0.79034,1.87,1.00
2018.02.21 05:02:06.315,0.79023,0.79034,1.25,1.00
2018.02.21 05:02:06.844,0.79024,0.79034,1.25,1.00
2018.02.21 05:02:07.302,0.79025,0.79036,1.25,1.00
2018.02.21 05:02:11.234,0.79026,0.79036,1.25,1.00
2018.02.21 05:02:11.594,0.79024,0.79035,2.06,1.00
2018.02.21 05:02:11.901,0.79022,0.79033,2.44,1.00
2018.02.21 05:02:12.516,0.79024,0.79033,1.25,1.00
2018.02.21 05:02:12.819,0.79026,0.79037,1.25,2.25
2018.02.21 05:02:12.870,0.79026,0.79037,1.25,1.00
2018.02.21 05:02:13.282,0.79026,0.79035,1.00,1.00
2018.02.21 05:02:13.385,0.79024,0.79035,1.12,1.00
2018.02.21 05:02:13.915,0.79023,0.79034,1.25,1.00
2018.02.21 05:02:15.675,0.79024,0.79034,1.00,1.00
2018.02.21 05:02:16.907,0.79023,0.79034,1.25,1.00
2018.02.21 05:02:17.311,0.79025,0.79034,1.00,1.00
2018.02.21 05:02:17.541,0.79018,0.79029,1.00,1.69
2018.02.21 05:02:20.125,0.79018,0.79028,1.50,1.00
2018.02.21 05:02:20.177,0.79015,0.79026,4.12,1.00
2018.02.21 05:02:20.228,0.79017,0.79028,2.25,2.25
2018.02.21 05:02:21.456,0.79018,0.79028,1.25,1.50
2018.02.21 05:02:21.684,0.79019,0.7903,1.50,2.62
2018.02.21 05:02:22.214,0.79018,0.79029,1.25,1.00
2018.02.21 05:02:23.444,0.79017,0.79029,2.44,1.00
2018.02.21 05:02:24.075,0.79015,0.79026,4.69,1.00
2018.02.21 05:02:24.624,0.79014,0.79024,1.12,1.00
2018.02.21 05:02:25.072,0.79016,0.79024,1.00,1.00
2018.02.21 05:02:25.124,0.79017,0.79026,1.69,1.00
2018.02.21 05:02:25.277,0.79018,0.79028,1.25,1.50
2018.02.21 05:02:26.956,0.79017,0.79028,1.87,1.50
2018.02.21 05:02:27.161,0.79019,0.79028,1.00,1.50
2018.02.21 05:02:27.316,0.79021,0.79031,1.25,1.00
2018.02.21 05:02:27.845,0.7902,0.79031,1.00,1.25
2018.02.21 05:02:28.588,0.79019,0.7903,1.87,1.00
2018.02.21 05:02:29.241,0.7902,0.7903,1.25,1.00
2018.02.21 05:02:29.346,0.79021,0.79032,1.00,1.50
2018.02.21 05:02:30.007,0.79024,0.79032,1.00,1.00
2018.02.21 05:02:30.109,0.79023,0.79034,1.87,1.00
2018.02.21 05:02:30.161,0.79021,0.79032,4.87,1.00
2018.02.21 05:02:30.212,0.79021,0.79032,2.62,1.00
2018.02.21 05:02:30.364,0.79023,0.79034,1.00,2.62
2018.02.21 05:02:31.028,0.79024,0.79034,1.00,1.87
2018.02.21 05:02:31.333,0.79025,0.79036,1.69,1.00
2018.02.21 05:02:31.929,0.79027,0.79036,1.00,1.00
2018.02.21 05:02:32.237,0.79027,0.79038,1.00,3.19
2018.02.21 05:02:32.541,0.79025,0.79036,1.50,1.00
2018.02.21 05:02:33.083,0.79025,0.79036,1.00,2.44
2018.02.21 05:02:33.371,0.79023,0.79035,2.06,1.69
2018.02.21 05:02:33.750,0.79024,0.79033,1.00,1.00
2018.02.21 05:02:34.055,0.79022,0.79033,2.44,1.00
2018.02.21 05:02:34.763,0.7902,0.79031,2.25,1.00
2018.02.21 05:02:35.285,0.79019,0.7903,1.00,1.00
2018.02.21 05:02:35.793,0.7902,0.7903,1.00,1.00
2018.02.21 05:02:37.595,0.79019,0.7903,1.87,1.00
2018.02.21 05:02:38.119,0.7902,0.7903,1.12,1.00
2018.02.21 05:02:38.592,0.79022,0.79033,1.00,2.44
2018.02.21 05:02:39.200,0.79022,0.79033,1.00,2.44
2018.02.21 05:02:39.506,0.79027,0.79037,1.00,1.69
2018.02.21 05:02:40.120,0.79026,0.79037,1.50,2.44
2018.02.21 05:02:40.662,0.79026,0.79037,1.50,2.44
2018.02.21 05:02:41.867,0.79026,0.79036,1.00,1.25
2018.02.21 05:02:42.496,0.79026,0.79037,1.00,2.44
2018.02.21 05:02:43.499,0.79026,0.79036,1.00,1.00
2018.02.21 05:02:43.755,0.79022,0.79033,1.50,1.00
2018.02.21 05:02:44.484,0.79023,0.79033,1.00,1.00
2018.02.21 05:02:45.460,0.79022,0.79033,1.00,1.50
2018.02.21 05:02:46.838,0.79022,0.79032,1.00,1.25
2018.02.21 05:02:47.268,0.7902,0.7903,1.00,1.00
2018.02.21 05:02:47.776,0.79018,0.79029,2.25,1.00
2018.02.21 05:02:47.929,0.79019,0.79031,1.69,3.19
2018.02.21 05:02:48.072,0.79019,0.79029,1.25,1.00
2018.02.21 05:02:48.485,0.79019,0.79031,1.69,2.81
2018.02.21 05:02:48.804,0.79018,0.79028,1.69,1.00
2018.02.21 05:02:49.322,0.79019,0.7903,1.87,1.00
2018.02.21 05:02:49.426,0.79018,0.79028,1.87,1.00
2018.02.21 05:02:49.695,0.79019,0.7903,1.00,1.00
2018.02.21 05:02:50.692,0.79018,0.79029,1.00,1.00
2018.02.21 05:02:51.031,0.7902,0.79029,1.25,1.00
2018.02.21 05:02:51.082,0.79021,0.79031,1.00,1.12
2018.02.21 05:02:51.236,0.79023,0.79031,1.00,1.12
2018.02.21 05:02:51.287,0.79023,0.79033,1.00,1.00
2018.02.21 05:02:52.875,0.79021,0.79032,1.31,1.00
2018.02.21 05:02:56.910,0.79021,0.79032,1.12,1.87
2018.02.21 05:02:57.707,0.79021,0.79032,1.12,1.69
2018.02.21 05:02:58.475,0.79021,0.79031,1.00,1.25
2018.02.21 05:02:58.578,0.79019,0.7903,1.00,1.69
2018.02.21 05:02:58.809,0.79017,0.79028,1.25,1.00
2018.02.21 05:02:59.152,0.79016,0.79026,1.12,1.00
2018.02.21 05:03:00.043,0.79017,0.79028,1.00,1.50
2018.02.21 05:03:00.094,0.79015,0.79027,2.81,1.00
2018.02.21 05:03:00.163,0.79017,0.79027,1.00,1.00
2018.02.21 05:03:01.019,0.79016,0.79027,1.12,1.00
2018.02.21 05:03:06.044,0.79015,0.79026,2.81,1.00
2018.02.21 05:03:06.352,0.79015,0.79024,1.25,1.00
2018.02.21 05:03:06.882,0.79016,0.79026,1.00,3.19
2018.02.21 05:03:07.409,0.79017,0.79026,1.00,3.00
2018.02.21 05:03:07.763,0.79014,0.79019,1.00,1.00
2018.02.21 05:03:08.430,0.79013,0.79019,1.00,1.00
2018.02.21 05:03:11.522,0.79012,0.79019,1.25,1.00
2018.02.21 05:03:16.620,0.79014,0.79021,1.25,1.12
2018.02.21 05:03:16.826,0.79014,0.79023,1.25,1.50
2018.02.21 05:03:16.928,0.79017,0.79025,1.00,1.50
2018.02.21 05:03:17.031,0.79017,0.79026,1.00,1.50
2018.02.21 05:03:18.224,0.79016,0.79026,1.25,1.50
2018.02.21 05:03:18.722,0.79014,0.79024,1.69,1.00
2018.02.21 05:03:19.027,0.79014,0.79022,1.00,1.00
2018.02.21 05:03:19.614,0.79013,0.79022,1.25,1.50
2018.02.21 05:03:19.915,0.79015,0.79022,1.25,1.00
2018.02.21 05:03:20.018,0.79013,0.79022,1.25,1.50
2018.02.21 05:03:20.171,0.79011,0.7902,1.69,1.12
2018.02.21 05:03:20.223,0.79011,0.7902,1.00,1.12
2018.02.21 05:03:20.478,0.7901,0.79018,1.25,1.00
2018.02.21 05:03:21.451,0.79009,0.79018,1.25,1.75
2018.02.21 05:03:21.502,0.79007,0.79015,1.00,1.00
2018.02.21 05:03:21.553,0.79005,0.79015,3.37,1.00
2018.02.21 05:03:21.604,0.79005,0.79013,1.87,1.00
2018.02.21 05:03:21.858,0.79009,0.79018,1.00,1.50
2018.02.21 05:03:23.772,0.79009,0.7902,1.69,2.25
2018.02.21 05:03:25.349,0.7901,0.7902,1.00,2.25
2018.02.21 05:03:25.503,0.79011,0.79021,1.25,1.00
2018.02.21 05:03:26.245,0.7901,0.79018,1.25,1.00
2018.02.21 05:03:26.398,0.7901,0.7902,1.25,1.12
2018.02.21 05:03:27.539,0.79011,0.7902,1.00,1.00
2018.02.21 05:03:27.931,0.7901,0.79018,1.44,1.00
2018.02.21 05:03:28.198,0.79011,0.7902,1.44,1.12
2018.02.21 05:03:28.456,0.79013,0.79022,1.12,1.00
2018.02.21 05:03:28.660,0.79015,0.79024,1.44,1.00
2018.02.21 05:03:28.763,0.79015,0.79026,1.87,2.62
2018.02.21 05:03:29.038,0.79014,0.79024,1.12,1.00
2018.02.21 05:03:29.343,0.79017,0.79026,1.25,1.00
2018.02.21 05:03:29.822,0.79015,0.79026,2.44,1.00
2018.02.21 05:03:29.873,0.79014,0.79023,1.12,1.12
2018.02.21 05:03:32.108,0.79015,0.79023,1.00,1.00
2018.02.21 05:03:35.842,0.79016,0.79023,1.00,1.00
2018.02.21 05:03:35.894,0.79016,0.79025,1.12,1.00
2018.02.21 05:03:36.566,0.79015,0.79025,1.25,1.00
2018.02.21 05:03:36.668,0.79014,0.79023,1.25,1.00
2018.02.21 05:03:36.868,0.79011,0.79021,1.87,1.00
2018.02.21 05:03:38.811,0.79011,0.7902,1.00,1.00
2018.02.21 05:03:38.914,0.79009,0.7902,1.12,1.50
2018.02.21 05:03:38.965,0.79009,0.79018,1.12,1.00
2018.02.21 05:03:39.640,0.79008,0.79018,1.00,1.00
2018.02.21 05:03:40.172,0.79007,0.79018,1.87,1.00
2018.02.21 05:03:40.703,0.7901,0.79018,1.00,1.00
2018.02.21 05:03:40.856,0.79011,0.7902,1.00,1.00
2018.02.21 05:03:40.960,0.79011,0.79022,1.50,1.87
2018.02.21 05:03:41.758,0.79012,0.79022,1.00,1.87
2018.02.21 05:03:44.141,0.79011,0.79021,1.12,1.00
2018.02.21 05:03:44.356,0.79013,0.79021,1.00,1.00
2018.02.21 05:03:45.993,0.79013,0.79022,1.25,1.00
2018.02.21 05:03:46.713,0.79014,0.79022,1.25,1.00
2018.02.21 05:03:47.245,0.79012,0.79022,1.25,1.00
2018.02.21 05:03:49.385,0.79012,0.79023,1.69,1.00
2018.02.21 05:03:50.098,0.79013,0.79023,1.12,1.00
2018.02.21 05:03:50.647,0.79014,0.79024,1.00,1.00
2018.02.21 05:03:52.654,0.79013,0.79024,1.25,1.00
2018.02.21 05:03:54.793,0.79012,0.79022,1.00,1.00
2018.02.21 05:03:56.008,0.79011,0.79022,2.25,1.00
2018.02.21 05:03:56.613,0.79012,0.79022,1.00,1.00
2018.02.21 05:03:57.879,0.79013,0.79022,1.25,1.00
2018.02.21 05:03:58.308,0.79015,0.79023,1.00,1.00
2018.02.21 05:03:58.413,0.79015,0.79026,1.50,3.00
2018.02.21 05:03:58.935,0.79015,0.79026,1.69,1.50
2018.02.21 05:03:59.638,0.79015,0.79024,1.25,1.00
2018.02.21 05:04:00.162,0.79014,0.79024,1.31,1.00
2018.02.21 05:04:04.571,0.79014,0.79024,1.50,1.00
2018.02.21 05:04:04.725,0.79016,0.79026,1.69,1.00
2018.02.21 05:04:04.776,0.79016,0.79028,1.69,1.87
2018.02.21 05:04:04.932,0.79018,0.79028,1.50,1.12
2018.02.21 05:04:10.768,0.79016,0.79027,2.62,1.00
2018.02.21 05:04:11.693,0.7902,0.79029,1.00,1.50
2018.02.21 05:04:12.219,0.79019,0.7903,1.69,1.00
2018.02.21 05:04:13.659,0.7902,0.7903,1.00,1.00
2018.02.21 05:04:14.161,0.7902,0.79029,1.00,1.00
2018.02.21 05:04:14.468,0.79025,0.79032,1.00,1.00
2018.02.21 05:04:14.586,0.79025,0.79034,1.00,1.12
2018.02.21 05:04:15.355,0.79023,0.79032,1.25,1.00
2018.02.21 05:04:16.397,0.79022,0.79032,1.12,1.00
2018.02.21 05:04:16.900,0.79021,0.79032,3.00,1.00
2018.02.21 05:04:17.237,0.79021,0.79029,1.00,1.00
2018.02.21 05:04:17.845,0.7902,0.79029,1.00,1.00
2018.02.21 05:04:18.386,0.79021,0.79029,1.25,1.00
2018.02.21 05:04:19.393,0.7902,0.79029,1.25,1.00
2018.02.21 05:04:19.713,0.79018,0.79027,1.25,1.00
2018.02.21 05:04:20.385,0.79017,0.79025,1.12,1.00
2018.02.21 05:04:22.263,0.79016,0.79027,1.00,3.19
2018.02.21 05:04:22.314,0.79014,0.79025,1.87,1.00
2018.02.21 05:04:22.365,0.79017,0.79027,1.00,2.25
2018.02.21 05:04:26.721,0.79016,0.79027,1.69,2.25
2018.02.21 05:04:28.232,0.79017,0.79027,1.25,1.50
2018.02.21 05:04:28.772,0.79018,0.79025,1.00,1.00
2018.02.21 05:04:28.824,0.79016,0.79025,1.12,1.00
2018.02.21 05:04:30.502,0.79014,0.79025,1.87,1.00
2018.02.21 05:04:30.605,0.79017,0.79025,1.12,1.00
2018.02.21 05:04:31.197,0.79016,0.79025,1.12,1.00
2018.02.21 05:04:31.350,0.79014,0.79024,1.87,1.00
2018.02.21 05:04:37.745,0.79013,0.79024,1.12,1.50
2018.02.21 05:04:40.652,0.79013,0.79024,1.44,1.50
2018.02.21 05:04:41.803,0.79013,0.79024,1.12,1.50
2018.02.21 05:04:41.854,0.79013,0.79021,1.12,1.00
2018.02.21 05:04:43.097,0.79012,0.79021,1.87,1.00
2018.02.21 05:04:43.607,0.7901,0.79021,3.37,1.00
2018.02.21 05:04:44.470,0.7901,0.79021,2.44,1.00
2018.02.21 05:04:44.831,0.79012,0.79022,1.25,1.12
2018.02.21 05:04:45.727,0.79011,0.79022,2.44,1.12
2018.02.21 05:04:46.746,0.79011,0.79021,1.69,1.00
2018.02.21 05:04:47.666,0.79013,0.79022,1.00,1.12
2018.02.21 05:04:48.142,0.79014,0.79025,1.25,1.87
2018.02.21 05:04:48.193,0.79012,0.79023,4.69,1.00
2018.02.21 05:04:50.152,0.79011,0.79019,1.00,1.00
2018.02.21 05:04:50.255,0.79011,0.79021,1.25,1.87
2018.02.21 05:04:50.638,0.79013,0.79022,1.00,1.00
2018.02.21 05:04:51.815,0.79011,0.79022,1.00,1.00
2018.02.21 05:04:54.357,0.79011,0.79023,1.50,1.87
2018.02.21 05:04:55.434,0.79012,0.79023,1.25,1.00
2018.02.21 05:04:56.048,0.79013,0.79023,1.00,1.00
2018.02.21 05:04:56.733,0.79013,0.79024,1.69,2.62
2018.02.21 05:05:01.276,0.79011,0.79022,2.44,1.00
2018.02.21 05:05:01.783,0.79012,0.79022,1.25,1.00
2018.02.21 05:05:03.000,0.79013,0.79022,1.25,1.00
2018.02.21 05:05:03.418,0.79009,0.79018,2.25,1.00
2018.02.21 05:05:03.521,0.79007,0.79018,2.62,1.50
2018.02.21 05:05:03.573,0.79007,0.79016,1.87,1.00
2018.02.21 05:05:04.193,0.79006,0.79015,1.44,1.00
2018.02.21 05:05:04.702,0.79006,0.79015,1.12,1.12
2018.02.21 05:05:05.332,0.79007,0.79015,1.12,1.12
2018.02.21 05:05:05.653,0.79005,0.79013,1.44,1.00
2018.02.21 05:05:05.704,0.79004,0.79013,1.00,1.00
2018.02.21 05:05:05.921,0.79005,0.79015,1.25,1.12
2018.02.21 05:05:06.023,0.79003,0.79012,1.87,1.00
2018.02.21 05:05:06.545,0.79003,0.79012,1.87,1.00
2018.02.21 05:05:07.063,0.79004,0.79012,1.00,1.00
2018.02.21 05:05:07.114,0.79004,0.79014,1.12,1.50
2018.02.21 05:05:07.530,0.79003,0.79012,1.44,1.00
2018.02.21 05:05:08.165,0.79003,0.79012,1.12,1.00
2018.02.21 05:05:09.338,0.79002,0.79012,1.12,1.00
2018.02.21 05:05:10.226,0.79001,0.79011,1.25,1.00
2018.02.21 05:05:11.313,0.79,0.79009,1.44,1.00
2018.02.21 05:05:11.813,0.78998,0.79008,1.44,1.00
2018.02.21 05:05:13.560,0.78997,0.79008,1.87,1.00
2018.02.21 05:05:14.081,0.78995,0.79006,1.87,1.00
2018.02.21 05:05:14.132,0.78993,0.79,2.00,1.00
2018.02.21 05:05:14.184,0.78998,0.79005,1.69,1.12
2018.02.21 05:05:14.236,0.78997,0.79007,1.00,4.50
2018.02.21 05:05:14.288,0.78994,0.79005,3.75,1.00
2018.02.21 05:05:14.340,0.78997,0.79006,1.50,1.00
2018.02.21 05:05:14.459,0.78997,0.79008,1.00,2.62
2018.02.21 05:05:15.056,0.78997,0.79007,1.00,1.25
2018.02.21 05:05:16.274,0.78994,0.79006,3.37,1.00
2018.02.21 05:05:16.821,0.78999,0.79009,1.00,3.94
2018.02.21 05:05:17.318,0.78999,0.7901,1.00,1.87
2018.02.21 05:05:17.506,0.78997,0.79008,1.87,1.12
2018.02.21 05:05:18.031,0.78996,0.79007,1.00,2.44
2018.02.21 05:05:18.930,0.78996,0.79007,1.00,1.87
2018.02.21 05:05:19.372,0.78994,0.79005,1.69,1.00
2018.02.21 05:05:19.675,0.78997,0.79005,1.00,1.00
2018.02.21 05:05:19.727,0.78997,0.79008,1.69,1.00
2018.02.21 05:05:20.438,0.78997,0.79007,1.25,1.00
2018.02.21 05:05:21.222,0.78996,0.79007,2.25,1.00
2018.02.21 05:05:22.823,0.78996,0.79006,1.00,1.00
2018.02.21 05:05:22.874,0.78994,0.79005,1.12,1.00
2018.02.21 05:05:23.281,0.78992,0.79003,1.50,1.87
2018.02.21 05:05:23.601,0.78989,0.78999,1.19,1.00
2018.02.21 05:05:23.963,0.7899,0.79001,1.69,1.12
2018.02.21 05:05:25.507,0.78988,0.78999,1.50,1.00
2018.02.21 05:05:28.533,0.78989,0.79001,1.87,2.25
2018.02.21 05:05:29.188,0.78989,0.79001,1.87,1.50
2018.02.21 05:05:29.537,0.78991,0.79003,1.69,3.94
2018.02.21 05:05:32.118,0.78991,0.79003,2.06,2.81
2018.02.21 05:05:32.423,0.78993,0.79004,1.25,1.00
2018.02.21 05:05:32.627,0.7899,0.79002,2.62,1.00
2018.02.21 05:05:36.036,0.7899,0.79002,1.87,1.00
2018.02.21 05:05:36.193,0.78989,0.79,1.00,1.00
2018.02.21 05:05:37.391,0.78988,0.78999,2.25,1.00
2018.02.21 05:05:37.979,0.78989,0.79,1.25,1.00
2018.02.21 05:05:39.978,0.78989,0.79,1.87,1.00
2018.02.21 05:05:41.091,0.78989,0.79,1.25,1.00
2018.02.21 05:05:42.000,0.7899,0.79,1.12,1.00
2018.02.21 05:05:42.306,0.78987,0.78998,2.62,1.00
2018.02.21 05:05:43.352,0.78987,0.78998,1.25,1.00
2018.02.21 05:05:44.714,0.78988,0.79,1.00,2.06
2018.02.21 05:05:44.765,0.7899,0.79,1.00,1.31
2018.02.21 05:05:46.237,0.78988,0.79,1.00,2.06
2018.02.21 05:05:46.467,0.78987,0.78998,2.44,1.00
2018.02.21 05:05:46.768,0.78991,0.79003,1.25,3.19
2018.02.21 05:05:46.820,0.78993,0.79003,1.00,1.25
2018.02.21 05:05:57.030,0.78994,0.79004,1.25,1.00
2018.02.21 05:05:58.349,0.78993,0.79004,1.00,1.12
2018.02.21 05:05:59.009,0.78989,0.79,1.50,1.69
2018.02.21 05:05:59.357,0.78986,0.78997,1.87,1.00
2018.02.21 05:05:59.926,0.78987,0.78999,1.00,2.44
2018.02.21 05:06:00.252,0.78993,0.79002,1.00,1.00
2018.02.21 05:06:00.528,0.78991,0.79002,1.00,1.50
2018.02.21 05:06:08.180,0.78989,0.79,2.25,1.00
2018.02.21 05:06:08.461,0.7899,0.79002,1.50,1.69
2018.02.21 05:06:11.694,0.7899,0.79002,1.87,1.50
2018.02.21 05:06:16.782,0.78992,0.79003,1.50,1.00
2018.02.21 05:06:17.430,0.78993,0.79004,1.50,1.00
2018.02.21 05:06:18.287,0.78996,0.79005,1.00,1.00
2018.02.21 05:06:18.440,0.78996,0.79007,1.00,1.69
2018.02.21 05:06:19.882,0.78996,0.79007,1.00,2.62
2018.02.21 05:06:20.600,0.78994,0.79005,1.87,1.00
2018.02.21 05:06:20.761,0.78996,0.79005,1.00,1.00
2018.02.21 05:06:21.866,0.78996,0.79007,1.25,1.50
2018.02.21 05:06:23.380,0.78998,0.79007,1.69,1.00
2018.02.21 05:06:23.482,0.78998,0.79009,1.87,1.00
2018.02.21 05:06:24.672,0.78997,0.79007,1.25,1.00
2018.02.21 05:06:25.435,0.78998,0.79009,1.50,1.50
2018.02.21 05:06:27.777,0.78998,0.79009,1.00,1.12
2018.02.21 05:06:28.106,0.79,0.7901,1.00,1.00
2018.02.21 05:06:28.659,0.78998,0.79009,1.00,1.00
2018.02.21 05:06:28.711,0.78997,0.79007,2.06,1.00
2018.02.21 05:06:29.219,0.78998,0.79009,2.81,1.00
2018.02.21 05:06:32.291,0.79002,0.7901,1.00,1.00
2018.02.21 05:06:32.393,0.79002,0.79013,1.69,1.50
2018.02.21 05:06:39.275,0.79003,0.79013,1.00,1.50
2018.02.21 05:06:39.327,0.79004,0.79015,1.00,1.12
2018.02.21 05:06:39.873,0.79006,0.79017,1.00,3.19
2018.02.21 05:06:40.190,0.79004,0.79015,1.00,1.00
2018.02.21 05:06:40.832,0.79003,0.79013,1.00,1.00
2018.02.21 05:06:42.209,0.79004,0.79015,1.69,1.00
2018.02.21 05:06:45.524,0.79004,0.79014,1.00,1.12
2018.02.21 05:06:45.626,0.79002,0.79013,1.12,1.00
2018.02.21 05:06:46.125,0.79,0.79012,1.69,1.69
2018.02.21 05:06:47.969,0.79002,0.79013,1.00,2.81
2018.02.21 05:06:48.585,0.79003,0.79013,1.25,1.50
2018.02.21 05:06:48.911,0.79005,0.79013,1.00,1.00
2018.02.21 05:06:48.963,0.79005,0.79015,1.00,1.00
2018.02.21 05:06:49.015,0.79005,0.79011,1.00,1.00
2018.02.21 05:06:49.067,0.79,0.79011,1.00,1.87
2018.02.21 05:06:53.014,0.79002,0.79012,1.00,1.50
2018.02.21 05:06:56.303,0.79001,0.79009,1.69,1.00
2018.02.21 05:06:56.507,0.79002,0.79012,1.69,3.00
2018.02.21 05:07:04.012,0.79003,0.79014,1.00,2.44
2018.02.21 05:07:06.452,0.79001,0.79012,3.19,1.50
2018.02.21 05:07:06.998,0.79,0.7901,1.50,1.00
2018.02.21 05:07:08.361,0.79001,0.79012,1.00,2.62
2018.02.21 05:07:21.553,0.79,0.7901,1.25,1.00
2018.02.21 05:07:22.355,0.79001,0.79012,1.00,2.25
2018.02.21 05:07:23.584,0.79,0.79012,2.62,2.25
2018.02.21 05:07:24.945,0.78999,0.7901,3.37,1.00
2018.02.21 05:07:25.475,0.79001,0.79012,1.00,2.25
2018.02.21 05:07:26.109,0.79001,0.79012,4.12,1.50
2018.02.21 05:07:26.606,0.79004,0.79014,1.25,1.75
2018.02.21 05:07:28.529,0.79005,0.79014,1.00,1.75
2018.02.21 05:07:32.538,0.79004,0.79014,1.12,1.75
2018.02.21 05:07:41.441,0.79003,0.79012,1.00,1.50
2018.02.21 05:07:41.544,0.79001,0.79012,1.69,1.50
2018.02.21 05:07:42.081,0.79001,0.7901,1.25,1.00
2018.02.21 05:07:42.604,0.79002,0.79012,1.25,1.50
2018.02.21 05:07:45.918,0.79001,0.79012,2.44,1.50
2018.02.21 05:07:49.104,0.79001,0.79012,1.50,1.00
2018.02.21 05:07:49.512,0.78999,0.79009,2.44,1.00
2018.02.21 05:07:49.817,0.79004,0.79014,1.69,1.00
2018.02.21 05:07:50.375,0.79004,0.79015,1.69,1.00
2018.02.21 05:07:51.327,0.79003,0.79013,1.25,1.00
2018.02.21 05:07:53.350,0.79004,0.79013,1.25,1.00
2018.02.21 05:07:53.554,0.79005,0.79015,1.25,1.00
2018.02.21 05:07:54.628,0.79005,0.79017,2.62,1.51
2018.02.21 05:07:57.117,0.79006,0.79017,1.00,2.26
2018.02.21 05:07:58.589,0.79005,0.79017,2.44,2.44
2018.02.21 05:08:07.447,0.79005,0.79017,2.62,1.50
2018.02.21 05:08:11.840,0.79007,0.79018,1.69,1.87
2018.02.21 05:08:16.517,0.79007,0.79017,1.00,1.00
2018.02.21 05:08:16.569,0.79005,0.79016,1.69,1.00
2018.02.21 05:08:20.481,0.79005,0.79016,3.37,1.00
2018.02.21 05:08:22.989,0.79005,0.79015,1.50,1.00
2018.02.21 05:08:23.040,0.79005,0.79013,1.00,1.00
2018.02.21 05:08:23.141,0.79003,0.79013,1.87,1.00
2018.02.21 05:08:39.150,0.79005,0.79015,1.00,1.00
2018.02.21 05:08:40.982,0.79005,0.79016,1.87,1.12
2018.02.21 05:08:44.661,0.79006,0.79017,1.00,1.00
2018.02.21 05:08:46.028,0.79005,0.79017,2.81,1.00
2018.02.21 05:08:52.553,0.79005,0.79015,1.50,1.00
2018.02.21 05:08:52.961,0.79003,0.79014,1.12,1.50
2018.02.21 05:08:56.063,0.79002,0.79014,1.25,3.56
2018.02.21 05:08:56.494,0.79004,0.79014,1.25,1.12
2018.02.21 05:08:56.545,0.79005,0.79016,1.00,1.00
2018.02.21 05:08:57.081,0.79004,0.79015,1.31,1.00
2018.02.21 05:08:57.601,0.79004,0.79015,2.25,1.00
2018.02.21 05:08:57.806,0.79006,0.79017,1.25,1.00
2018.02.21 05:08:58.278,0.79003,0.79014,3.37,1.00
2018.02.21 05:09:00.413,0.79005,0.79014,1.25,1.00
2018.02.21 05:09:00.464,0.79005,0.79016,1.69,1.00
2018.02.21 05:09:02.632,0.79004,0.79015,2.06,1.00
2018.02.21 05:09:11.501,0.79002,0.79014,1.50,2.62
2018.02.21 05:09:11.976,0.79005,0.79014,1.00,1.69
2018.02.21 05:09:12.769,0.79003,0.79014,1.50,1.25
2018.02.21 05:09:14.322,0.79003,0.79012,1.00,1.12
2018.02.21 05:09:14.427,0.79,0.79011,1.50,1.69
2018.02.21 05:09:14.939,0.78999,0.7901,1.00,1.50
2018.02.21 05:09:17.461,0.79,0.79011,1.00,1.69
2018.02.21 05:09:19.643,0.78999,0.7901,1.25,1.00
2018.02.21 05:09:21.697,0.78998,0.7901,2.81,2.06
2018.02.21 05:09:21.839,0.78997,0.79007,1.00,1.00
2018.02.21 05:09:22.271,0.78998,0.79009,1.00,1.12
2018.02.21 05:09:24.544,0.79,0.7901,1.00,2.25
2018.02.21 05:09:25.968,0.79,0.7901,1.50,1.00
2018.02.21 05:09:36.017,0.78998,0.79009,1.12,1.00
2018.02.21 05:09:36.170,0.78996,0.79007,2.25,1.69
2018.02.21 05:09:36.493,0.78995,0.79005,1.25,1.00
2018.02.21 05:09:37.036,0.78994,0.79005,1.00,1.69
2018.02.21 05:09:37.691,0.78994,0.79005,1.00,2.06
2018.02.21 05:09:37.844,0.78992,0.79003,1.69,1.69
2018.02.21 05:09:39.862,0.78992,0.79002,1.00,1.00
2018.02.21 05:09:40.844,0.78992,0.79003,1.00,2.62
2018.02.21 05:09:42.011,0.78992,0.79002,1.00,1.00
2018.02.21 05:09:43.125,0.7899,0.79,1.00,1.00
2018.02.21 05:09:43.675,0.78989,0.79,2.62,1.00
2018.02.21 05:09:44.278,0.7899,0.79,1.25,1.00
2018.02.21 05:09:45.196,0.7899,0.79002,1.87,1.50
2018.02.21 05:09:45.523,0.78992,0.79003,1.87,1.50
2018.02.21 05:09:46.089,0.78991,0.79002,1.25,1.00
2018.02.21 05:09:46.754,0.7899,0.79002,1.87,2.62
2018.02.21 05:09:50.274,0.7899,0.79001,1.12,1.00
2018.02.21 05:09:51.568,0.78989,0.79,1.00,1.69
2018.02.21 05:09:51.875,0.78987,0.78998,2.81,1.25
2018.02.21 05:09:52.533,0.78987,0.78999,3.56,2.44
2018.02.21 05:09:52.869,0.78989,0.79,1.00,2.25
2018.02.21 05:09:53.501,0.78989,0.78999,1.00,1.25
2018.02.21 05:09:53.902,0.78986,0.78997,1.25,1.00
2018.02.21 05:09:57.331,0.78987,0.78997,1.00,1.00
2018.02.21 05:09:58.611,0.78986,0.78997,1.87,1.00
2018.02.21 05:10:00.004,0.78987,0.78999,1.25,4.69
2018.02.21 05:10:00.489,0.78989,0.78999,1.50,1.00
2018.02.21 05:10:00.641,0.7899,0.79001,1.50,1.87
2018.02.21 05:10:00.846,0.78992,0.79003,1.50,1.50
2018.02.21 05:10:01.403,0.78993,0.79003,1.00,1.00
2018.02.21 05:10:01.649,0.7899,0.79001,3.75,1.00
2018.02.21 05:10:01.700,0.78992,0.79002,1.00,1.69
2018.02.21 05:10:01.751,0.7899,0.79001,2.06,1.00
2018.02.21 05:10:06.730,0.78988,0.78999,3.00,1.69
2018.02.21 05:10:07.454,0.78988,0.78998,1.00,1.50
2018.02.21 05:10:12.689,0.78988,0.78997,1.00,1.00
2018.02.21 05:10:12.741,0.78985,0.78996,2.62,1.00
2018.02.21 05:10:13.281,0.78985,0.78996,1.69,1.00
2018.02.21 05:10:13.626,0.78983,0.78994,1.69,1.50
2018.02.21 05:10:17.273,0.78981,0.78992,1.50,1.25
2018.02.21 05:10:17.619,0.7898,0.78988,1.00,1.00
2018.02.21 05:10:17.670,0.78977,0.78988,1.00,1.69
2018.02.21 05:10:18.133,0.78975,0.78986,2.44,1.69
2018.02.21 05:10:18.286,0.78973,0.78984,1.31,1.00
2018.02.21 05:10:18.442,0.78975,0.78985,1.50,1.69
2018.02.21 05:10:19.261,0.78974,0.78984,1.00,1.25
2018.02.21 05:10:19.565,0.78978,0.78988,1.00,1.69
2018.02.21 05:10:20.437,0.78979,0.78989,1.00,1.69
2018.02.21 05:10:22.255,0.78977,0.78987,1.87,1.25
2018.02.21 05:10:22.714,0.78975,0.78984,1.00,1.25
2018.02.21 05:10:22.916,0.78973,0.78983,1.50,1.25
2018.02.21 05:10:24.219,0.78974,0.78984,1.00,1.19
2018.02.21 05:10:25.122,0.78974,0.78984,1.00,1.25
2018.02.21 05:10:25.770,0.78975,0.78985,1.50,1.19
2018.02.21 05:10:26.229,0.78976,0.78986,1.00,1.69
2018.02.21 05:10:26.535,0.78978,0.78988,1.00,2.81
2018.02.21 05:10:27.123,0.78979,0.78989,1.00,2.44
2018.02.21 05:10:28.138,0.7898,0.78989,1.00,1.69
2018.02.21 05:10:30.905,0.78979,0.78989,1.00,2.44
2018.02.21 05:10:31.439,0.7898,0.78989,1.00,1.50
2018.02.21 05:10:32.066,0.78981,0.78989,1.00,1.50
2018.02.21 05:10:32.639,0.7898,0.78989,1.00,1.50
2018.02.21 05:10:33.263,0.78979,0.78989,1.00,1.69
2018.02.21 05:10:34.628,0.7898,0.78989,1.00,1.25
2018.02.21 05:10:35.262,0.78981,0.78989,1.00,1.00
2018.02.21 05:10:38.811,0.7898,0.78989,1.50,1.25
2018.02.21 05:10:40.303,0.78981,0.78989,1.00,1.25
2018.02.21 05:10:40.979,0.78981,0.78991,1.00,3.00
2018.02.21 05:10:41.971,0.78981,0.78991,1.00,2.25
2018.02.21 05:10:42.624,0.78982,0.78991,1.00,2.25
2018.02.21 05:10:43.698,0.78981,0.78991,1.00,2.81
2018.02.21 05:10:44.421,0.78981,0.78991,1.00,3.00
2018.02.21 05:10:46.485,0.78983,0.78991,1.00,2.25
2018.02.21 05:10:46.790,0.78986,0.78993,1.00,1.00
2018.02.21 05:10:47.239,0.78982,0.78991,1.12,1.12
2018.02.21 05:10:47.346,0.7898,0.78988,2.25,1.00
2018.02.21 05:10:47.398,0.7898,0.78991,1.50,3.00
2018.02.21 05:10:47.499,0.78982,0.78991,1.00,2.06
2018.02.21 05:10:47.964,0.78982,0.78988,1.00,1.00
2018.02.21 05:10:49.031,0.7898,0.78988,1.00,1.00
2018.02.21 05:10:50.807,0.78982,0.78988,1.00,1.00
2018.02.21 05:10:50.858,0.78983,0.7899,1.00,1.00
2018.02.21 05:10:51.380,0.78984,0.78991,1.00,1.00
2018.02.21 05:10:51.883,0.78983,0.78991,1.00,1.00
2018.02.21 05:10:52.858,0.78984,0.78991,1.00,1.00
2018.02.21 05:10:53.445,0.78984,0.78993,1.00,2.62
2018.02.21 05:10:53.960,0.78984,0.78993,1.00,1.25
2018.02.21 05:10:55.356,0.78983,0.78993,1.00,1.87
2018.02.21 05:10:58.384,0.78982,0.78992,1.50,2.25
2018.02.21 05:11:01.828,0.78981,0.78991,1.12,3.37
2018.02.21 05:11:02.339,0.78982,0.7899,1.00,1.25
2018.02.21 05:11:02.958,0.78981,0.7899,1.12,1.25
2018.02.21 05:11:03.732,0.78982,0.7899,1.00,1.25
2018.02.21 05:11:05.340,0.7898,0.7899,1.50,1.87
2018.02.21 05:11:05.492,0.7898,0.78988,1.00,1.00
2018.02.21 05:11:06.820,0.78981,0.78988,1.00,1.00
2018.02.21 05:11:08.350,0.7898,0.78988,1.00,1.00
2018.02.21 05:11:08.861,0.78979,0.78988,1.50,1.12
2018.02.21 05:11:09.128,0.78977,0.78987,1.87,1.12
2018.02.21 05:11:09.566,0.78979,0.78988,1.00,3.00
2018.02.21 05:11:10.580,0.78979,0.78988,1.00,2.81
2018.02.21 05:11:16.314,0.78979,0.78987,1.00,1.00
2018.02.21 05:11:17.092,0.78978,0.78987,1.00,1.00
2018.02.21 05:11:17.399,0.78975,0.78983,1.00,1.00
2018.02.21 05:11:17.956,0.78974,0.78983,1.00,1.00
2018.02.21 05:11:19.363,0.78976,0.78985,1.00,2.62
2018.02.21 05:11:20.269,0.78976,0.78985,1.00,2.62
2018.02.21 05:11:22.711,0.78977,0.78985,1.00,1.50
2018.02.21 05:11:23.505,0.78976,0.78985,1.00,1.69
2018.02.21 05:11:23.885,0.78978,0.78985,1.00,1.00
2018.02.21 05:11:23.987,0.78979,0.78987,1.00,1.00
2018.02.21 05:11:24.559,0.78979,0.78988,1.00,1.00
2018.02.21 05:11:25.151,0.78978,0.78988,1.00,2.44
2018.02.21 05:11:27.537,0.78978,0.78988,1.00,2.81
2018.02.21 05:11:28.902,0.78979,0.78988,1.00,1.50
2018.02.21 05:11:29.106,0.78981,0.78988,1.00,1.00
2018.02.21 05:11:31.064,0.78981,0.7899,1.00,1.31
2018.02.21 05:11:31.970,0.7898,0.7899,1.00,3.00
2018.02.21 05:11:32.471,0.78979,0.78989,1.87,1.12
2018.02.21 05:11:33.001,0.7898,0.7899,1.00,2.25
2018.02.21 05:11:34.016,0.7898,0.7899,1.00,1.87
2018.02.21 05:11:38.534,0.78981,0.7899,1.00,1.87
2018.02.21 05:11:39.061,0.78981,0.7899,1.00,1.12
2018.02.21 05:11:39.587,0.78982,0.7899,1.00,1.00
2018.02.21 05:11:41.854,0.78981,0.7899,1.00,1.25
2018.02.21 05:11:42.359,0.78982,0.7899,1.00,1.00
2018.02.21 05:11:44.791,0.78983,0.7899,1.00,1.00
2018.02.21 05:11:45.675,0.78983,0.78992,1.00,1.50
2018.02.21 05:11:46.147,0.78981,0.78991,1.50,1.12
2018.02.21 05:11:48.062,0.78982,0.78992,1.00,3.56
2018.02.21 05:11:49.251,0.78984,0.78992,1.00,1.50
2018.02.21 05:11:49.908,0.78985,0.78992,1.00,1.00
2018.02.21 05:11:50.416,0.78984,0.78992,1.00,1.00
2018.02.21 05:11:51.228,0.78985,0.78992,1.00,1.00
2018.02.21 05:11:52.182,0.78984,0.78992,1.00,1.00
2018.02.21 05:11:54.301,0.78984,0.78994,1.00,3.94
2018.02.21 05:11:57.257,0.78986,0.78994,1.00,1.50
2018.02.21 05:11:57.900,0.78987,0.78994,1.00,1.00
2018.02.21 05:11:58.358,0.78985,0.78994,1.00,1.00
2018.02.21 05:11:59.409,0.78985,0.78992,1.00,1.00
2018.02.21 05:11:59.460,0.78985,0.78994,1.00,1.69
2018.02.21 05:11:59.720,0.78987,0.78994,1.00,1.00
2018.02.21 05:12:00.179,0.78986,0.78992,1.00,1.00
2018.02.21 05:12:00.698,0.78985,0.78993,1.00,1.00
2018.02.21 05:12:01.000,0.78987,0.78995,1.00,1.00
2018.02.21 05:12:01.322,0.7899,0.78997,1.00,1.00
2018.02.21 05:12:01.851,0.78984,0.78992,1.50,1.69
2018.02.21 05:12:02.057,0.78983,0.78992,1.50,1.00
2018.02.21 05:12:02.438,0.78985,0.78993,1.00,1.50
2018.02.21 05:12:04.884,0.78984,0.78993,1.00,2.63
2018.02.21 05:12:08.309,0.78984,0.78993,1.00,1.69
2018.02.21 05:12:09.389,0.78985,0.78993,1.00,1.69
2018.02.21 05:12:10.115,0.78985,0.78993,1.00,2.63
2018.02.21 05:12:10.408,0.78983,0.78992,1.00,1.44
2018.02.21 05:12:12.602,0.78982,0.78992,1.00,1.88
2018.02.21 05:12:13.317,0.78983,0.78992,1.00,1.31
2018.02.21 05:12:25.321,0.78982,0.78992,1.00,2.44
2018.02.21 05:12:25.844,0.78981,0.78991,1.87,3.00
2018.02.21 05:12:25.997,0.78983,0.78991,1.00,1.69
2018.02.21 05:12:27.270,0.78983,0.78992,1.00,1.00
2018.02.21 05:12:27.814,0.78984,0.78992,1.00,1.00
2018.02.21 05:12:28.657,0.78984,0.78993,1.00,2.44
2018.02.21 05:12:29.513,0.78984,0.78992,1.00,1.00
2018.02.21 05:12:31.110,0.78982,0.78991,1.00,1.00
2018.02.21 05:12:31.212,0.78982,0.78989,1.00,1.00
2018.02.21 05:12:31.519,0.78983,0.78992,1.00,1.00
2018.02.21 05:12:31.674,0.78983,0.7899,1.00,1.00
2018.02.21 05:12:32.273,0.78981,0.7899,1.00,1.50
2018.02.21 05:12:32.426,0.78983,0.7899,1.00,1.00
2018.02.21 05:12:33.139,0.78983,0.78991,1.00,1.00
2018.02.21 05:12:33.649,0.78982,0.7899,1.00,1.50
2018.02.21 05:12:42.712,0.78983,0.7899,1.00,1.00
2018.02.21 05:12:43.183,0.78985,0.78992,1.00,1.87
2018.02.21 05:12:50.328,0.78983,0.78992,1.00,1.00
2018.02.21 05:12:50.481,0.78981,0.78991,1.50,1.00
2018.02.21 05:12:55.203,0.78982,0.78991,1.00,1.00
2018.02.21 05:12:57.831,0.78982,0.78992,1.00,1.87
2018.02.21 05:12:58.081,0.78981,0.78989,1.00,1.12
2018.02.21 05:12:58.241,0.78977,0.78986,1.00,1.00
2018.02.21 05:12:59.404,0.78978,0.78986,1.50,1.00
2018.02.21 05:12:59.732,0.78979,0.78988,1.50,1.50
2018.02.21 05:12:59.935,0.78981,0.78988,1.00,1.00
2018.02.21 05:13:00.500,0.7898,0.78988,1.00,1.00
2018.02.21 05:13:01.020,0.78981,0.78988,1.00,1.00
2018.02.21 05:13:01.072,0.78981,0.7899,1.00,1.25
2018.02.21 05:13:02.690,0.78981,0.78989,1.00,1.00
2018.02.21 05:13:03.210,0.78979,0.78989,2.25,1.00
2018.02.21 05:13:10.980,0.78979,0.78988,2.25,1.00
2018.02.21 05:13:12.911,0.78978,0.78988,1.50,1.12
2018.02.21 05:13:12.967,0.7898,0.78988,1.00,2.62
2018.02.21 05:13:13.275,0.78983,0.7899,1.00,1.00
2018.02.21 05:13:13.621,0.78983,0.78992,1.00,1.69
2018.02.21 05:13:14.261,0.78984,0.78992,1.00,1.50
2018.02.21 05:13:17.653,0.78984,0.78993,1.00,1.87
2018.02.21 05:13:18.353,0.78985,0.78993,1.00,1.12
2018.02.21 05:13:19.019,0.78987,0.78994,1.00,1.50
2018.02.21 05:13:19.070,0.78987,0.78996,1.00,2.25
2018.02.21 05:13:19.223,0.78986,0.78994,1.00,1.00
2018.02.21 05:13:19.398,0.78987,0.78996,1.00,2.81
2018.02.21 05:13:20.937,0.78987,0.78995,1.00,1.00
2018.02.21 05:13:25.188,0.78985,0.78995,1.50,1.50
2018.02.21 05:13:26.233,0.78985,0.78994,1.00,2.44
2018.02.21 05:13:27.729,0.78986,0.78994,1.00,2.25
2018.02.21 05:13:27.951,0.78988,0.78996,1.00,1.00
2018.02.21 05:13:28.479,0.78987,0.78996,1.00,1.50
2018.02.21 05:13:29.007,0.78986,0.78996,1.00,2.44
2018.02.21 05:13:29.611,0.78985,0.78995,1.50,1.25
2018.02.21 05:13:36.212,0.78985,0.78994,1.87,1.00
2018.02.21 05:13:36.537,0.78983,0.78992,1.50,1.00
2018.02.21 05:13:37.246,0.78983,0.78991,1.50,1.00
2018.02.21 05:13:40.020,0.78984,0.78991,1.00,1.00
2018.02.21 05:13:40.123,0.78984,0.78993,1.00,1.50
2018.02.21 05:13:40.326,0.78988,0.78994,1.00,1.00
2018.02.21 05:13:40.377,0.78989,0.78996,1.00,1.00
2018.02.21 05:13:40.904,0.78989,0.78998,1.00,3.37
2018.02.21 05:13:41.462,0.78988,0.78997,1.00,1.00
2018.02.21 05:13:41.987,0.78988,0.78996,1.00,1.00
2018.02.21 05:13:42.681,0.78988,0.78995,1.00,1.00
2018.02.21 05:13:43.223,0.78987,0.78996,1.87,1.25
2018.02.21 05:13:43.426,0.78986,0.78994,1.00,1.00
2018.02.21 05:13:44.143,0.78985,0.78994,1.50,1.00
2018.02.21 05:13:49.824,0.78986,0.78994,1.00,1.00
2018.02.21 05:13:54.473,0.78987,0.78994,1.00,1.00
2018.02.21 05:13:55.114,0.78986,0.78994,1.00,1.00
2018.02.21 05:13:58.373,0.78987,0.78994,1.00,1.00
2018.02.21 05:13:59.249,0.78987,0.78995,1.00,1.00
2018.02.21 05:14:08.833,0.78986,0.78995,1.00,1.00
2018.02.21 05:14:09.736,0.78988,0.78995,1.00,1.00
2018.02.21 05:14:10.285,0.78988,0.78996,1.00,1.00
2018.02.21 05:14:11.861,0.78989,0.78997,1.00,1.25
2018.02.21 05:14:14.563,0.7899,0.78997,1.00,1.00
2018.02.21 05:14:14.666,0.7899,0.78999,1.00,1.00
2018.02.21 05:14:15.789,0.7899,0.78998,1.00,1.00
2018.02.21 05:14:16.570,0.7899,0.78999,1.00,1.25
2018.02.21 05:14:17.061,0.78992,0.78999,1.00,1.00
2018.02.21 05:14:17.293,0.7899,0.78999,1.00,1.00
2018.02.21 05:14:22.644,0.7899,0.78998,1.00,1.00
2018.02.21 05:14:23.283,0.78989,0.78998,1.50,1.25
2018.02.21 05:14:24.524,0.7899,0.78998,1.00,1.00
2018.02.21 05:14:25.053,0.78991,0.78999,1.00,1.00
2018.02.21 05:14:27.269,0.78991,0.79,1.00,1.50
2018.02.21 05:14:27.914,0.78992,0.79,1.00,1.50
2018.02.21 05:14:30.142,0.78993,0.79,1.00,1.00
2018.02.21 05:14:32.052,0.78993,0.79001,1.00,1.00
2018.02.21 05:14:32.948,0.78994,0.79001,1.00,1.00
2018.02.21 05:14:39.217,0.78995,0.79003,1.00,2.44
2018.02.21 05:14:42.393,0.78995,0.79003,1.00,1.50
2018.02.21 05:14:42.808,0.78994,0.79001,1.00,1.25
2018.02.21 05:14:42.911,0.78992,0.79001,1.00,3.00
2018.02.21 05:14:43.697,0.78992,0.79002,1.50,3.37
2018.02.21 05:14:44.868,0.78993,0.79002,1.00,2.25
2018.02.21 05:14:47.198,0.78994,0.79002,1.00,1.50
2018.02.21 05:14:47.790,0.78994,0.79002,1.00,2.06
2018.02.21 05:14:50.629,0.78994,0.79003,1.00,1.25
2018.02.21 05:14:51.158,0.78995,0.79004,1.00,2.44
2018.02.21 05:14:52.642,0.78996,0.79005,1.00,2.25
2018.02.21 05:14:53.403,0.78996,0.79005,1.00,2.06
2018.02.21 05:14:53.927,0.78996,0.79004,1.00,1.00
2018.02.21 05:14:54.464,0.78996,0.79003,1.00,1.00
2018.02.21 05:14:54.959,0.78994,0.79003,1.00,1.00
2018.02.21 05:14:58.466,0.78995,0.79006,1.00,2.06
2018.02.21 05:14:59.481,0.78995,0.79006,1.00,1.25
2018.02.21 05:15:02.946,0.78997,0.79007,1.00,2.62
2018.02.21 05:15:03.389,0.78997,0.79005,1.00,1.87
2018.02.21 05:15:03.491,0.78995,0.79004,1.00,1.44
2018.02.21 05:15:03.694,0.78995,0.79001,1.00,1.25
2018.02.21 05:15:03.746,0.78993,0.79,1.00,1.25
2018.02.21 05:15:11.053,0.78993,0.79002,1.00,3.37
2018.02.21 05:15:11.561,0.78993,0.79003,1.00,1.69
2018.02.21 05:15:13.309,0.78994,0.79004,1.00,1.87
2018.02.21 05:15:13.412,0.78995,0.79005,1.50,1.50
2018.02.21 05:15:13.515,0.78997,0.79006,1.00,1.00
2018.02.21 05:15:17.344,0.78997,0.79007,1.50,1.31
2018.02.21 05:15:20.525,0.78997,0.79007,1.50,1.44
2018.02.21 05:15:21.063,0.78997,0.79005,1.00,1.12
2018.02.21 05:15:23.228,0.78995,0.79004,1.00,1.87
2018.02.21 05:15:23.483,0.78993,0.79001,1.50,1.00
2018.02.21 05:15:23.636,0.78991,0.79001,1.00,1.87
2018.02.21 05:15:24.141,0.78991,0.79,1.00,1.31
2018.02.21 05:15:25.300,0.78991,0.79,1.00,1.50
2018.02.21 05:15:28.857,0.78991,0.78999,1.00,1.50
2018.02.21 05:15:28.959,0.78989,0.78998,1.12,1.12
2018.02.21 05:15:29.832,0.78989,0.78999,1.12,2.62
2018.02.21 05:15:30.313,0.78991,0.79,1.00,1.25
2018.02.21 05:15:32.069,0.78991,0.79001,1.00,1.25
2018.02.21 05:15:32.832,0.78992,0.79003,1.00,3.00
2018.02.21 05:15:33.627,0.78991,0.79002,2.25,1.25
2018.02.21 05:15:33.938,0.78991,0.79001,1.50,1.44
2018.02.21 05:15:38.155,0.78991,0.79002,2.25,2.06
2018.02.21 05:15:40.509,0.78991,0.79,1.00,1.00
2018.02.21 05:15:42.887,0.78991,0.79002,2.25,3.75
2018.02.21 05:15:51.124,0.78993,0.79002,1.00,1.00
2018.02.21 05:15:54.591,0.78993,0.79003,1.50,1.25
2018.02.21 05:15:55.876,0.78993,0.79003,1.50,1.87
2018.02.21 05:15:59.601,0.78993,0.79003,1.50,1.25
2018.02.21 05:16:00.034,0.78995,0.79004,1.00,1.50
2018.02.21 05:16:00.339,0.78995,0.79007,2.25,3.37
2018.02.21 05:16:00.492,0.78997,0.79007,1.50,2.62
2018.02.21 05:16:01.393,0.78997,0.79007,1.50,1.25
2018.02.21 05:16:04.098,0.78995,0.79006,3.19,1.00
2018.02.21 05:16:04.969,0.78995,0.79006,1.50,1.87
2018.02.21 05:16:05.593,0.78994,0.79005,1.69,2.81
2018.02.21 05:16:11.931,0.78995,0.79005,1.00,2.81
2018.02.21 05:16:19.064,0.78994,0.79005,2.25,2.06
2018.02.21 05:16:19.169,0.78994,0.79003,1.50,1.00
2018.02.21 05:16:20.119,0.78993,0.79003,1.00,1.00
2018.02.21 05:16:20.690,0.78992,0.79003,3.37,1.25
2018.02.21 05:16:22.998,0.78992,0.79,1.00,1.00
2018.02.21 05:16:23.100,0.7899,0.79,1.25,1.00
2018.02.21 05:16:23.606,0.78991,0.79,1.00,1.00
2018.02.21 05:16:24.047,0.78991,0.79002,1.00,2.06
2018.02.21 05:16:33.427,0.78991,0.79001,1.00,1.00
2018.02.21 05:16:33.529,0.78989,0.78999,1.00,1.00
2018.02.21 05:16:34.161,0.78988,0.79,2.81,3.37
2018.02.21 05:16:37.981,0.7899,0.79,1.13,1.50
2018.02.21 05:16:38.965,0.7899,0.79001,1.88,2.62
2018.02.21 05:16:40.568,0.78989,0.78999,2.06,1.00
2018.02.21 05:16:41.968,0.78992,0.78999,1.00,1.00
2018.02.21 05:16:42.019,0.78992,0.79001,1.00,1.12
2018.02.21 05:16:42.070,0.78989,0.79,1.25,1.50
2018.02.21 05:16:43.050,0.7899,0.79001,1.50,1.12
2018.02.21 05:16:44.276,0.78991,0.79001,1.13,1.12
2018.02.21 05:16:44.327,0.78992,0.79003,1.88,5.25
2018.02.21 05:16:44.379,0.78992,0.79003,1.88,3.00
2018.02.21 05:16:47.546,0.78994,0.79003,1.00,1.00
2018.02.21 05:16:53.626,0.78994,0.79003,1.44,1.00
2018.02.21 05:16:55.687,0.78994,0.79003,1.25,1.00
2018.02.21 05:16:56.571,0.78994,0.79005,2.81,1.50
2018.02.21 05:16:57.222,0.78994,0.79005,2.63,1.50
2018.02.21 05:16:58.117,0.78994,0.79005,2.81,1.50
2018.02.21 05:16:59.844,0.78994,0.79005,3.19,1.00
2018.02.21 05:17:02.111,0.78995,0.79007,2.06,3.75
2018.02.21 05:17:02.417,0.78998,0.79008,1.25,1.00
2018.02.21 05:17:06.638,0.78997,0.79003,1.00,1.00
2018.02.21 05:17:06.689,0.78993,0.79003,1.00,2.44
2018.02.21 05:17:06.791,0.78993,0.79,1.00,1.00
2018.02.21 05:17:06.841,0.78993,0.79002,1.00,1.00
2018.02.21 05:17:07.051,0.78991,0.79002,3.37,1.44
2018.02.21 05:17:07.540,0.78993,0.79002,1.25,1.87
2018.02.21 05:17:07.696,0.78994,0.79004,1.00,1.88
2018.02.21 05:17:07.900,0.78993,0.79002,1.69,1.00
2018.02.21 05:17:08.468,0.78991,0.79002,1.88,1.31
2018.02.21 05:17:11.579,0.78992,0.79002,1.00,1.31
2018.02.21 05:17:11.630,0.78993,0.79004,1.13,2.44
2018.02.21 05:17:12.820,0.78994,0.79004,1.50,1.50
2018.02.21 05:17:13.322,0.78994,0.79004,1.88,1.50
2018.02.21 05:17:13.526,0.78993,0.79003,1.50,1.25
2018.02.21 05:17:14.321,0.78994,0.79004,1.25,1.25
2018.02.21 05:17:14.695,0.78996,0.79006,1.00,1.44
2018.02.21 05:17:16.281,0.78994,0.79006,3.75,1.88
2018.02.21 05:17:17.192,0.78996,0.79006,1.25,1.00
2018.02.21 05:17:17.509,0.79,0.79009,1.00,1.13
2018.02.21 05:17:18.759,0.79,0.7901,1.00,1.25
2018.02.21 05:17:19.167,0.78998,0.79009,3.37,1.25
2018.02.21 05:17:19.692,0.78998,0.79009,1.50,2.25
2018.02.21 05:17:20.134,0.78996,0.79007,1.69,2.25
2018.02.21 05:17:21.049,0.78994,0.79005,3.94,1.25
2018.02.21 05:17:22.393,0.78994,0.79004,1.00,1.31
2018.02.21 05:17:22.496,0.78991,0.79002,1.88,1.00
2018.02.21 05:17:22.598,0.7899,0.79,1.69,1.00
2018.02.21 05:17:25.209,0.78989,0.79,1.87,1.88
2018.02.21 05:17:25.789,0.78987,0.78998,3.38,1.00
2018.02.21 05:17:26.461,0.78987,0.78998,2.44,1.00
2018.02.21 05:17:27.706,0.78989,0.78998,1.00,1.00
2018.02.21 05:17:27.871,0.78989,0.79,1.50,2.44
2018.02.21 05:17:28.571,0.78989,0.79,1.88,2.25
2018.02.21 05:17:30.196,0.78988,0.78999,2.25,1.00
2018.02.21 05:17:30.702,0.78987,0.78999,3.38,3.56
2018.02.21 05:17:31.483,0.78989,0.79,1.88,2.44
2018.02.21 05:17:31.790,0.78993,0.79002,1.00,1.50
2018.02.21 05:17:31.842,0.78993,0.79003,1.00,2.25
2018.02.21 05:17:32.356,0.78994,0.79003,1.00,1.50
2018.02.21 05:17:33.653,0.78993,0.79003,1.69,1.25
2018.02.21 05:17:34.263,0.78992,0.79003,1.69,1.13
2018.02.21 05:17:34.581,0.78991,0.79001,2.63,1.00
2018.02.21 05:17:35.862,0.78991,0.79001,2.44,1.00
2018.02.21 05:17:39.002,0.7899,0.79001,4.50,1.25
2018.02.21 05:17:42.422,0.7899,0.79001,3.19,1.00
2018.02.21 05:17:42.473,0.78993,0.79003,1.00,1.88
2018.02.21 05:17:42.991,0.78991,0.79002,2.63,1.00
2018.02.21 05:17:47.221,0.78993,0.79003,1.00,1.25
2018.02.21 05:17:50.516,0.78992,0.79003,2.44,1.69
2018.02.21 05:17:52.395,0.78993,0.79004,1.00,1.31
2018.02.21 05:17:54.583,0.78992,0.79003,3.00,1.00
2018.02.21 05:17:58.032,0.78993,0.79003,1.44,1.00
2018.02.21 05:18:13.796,0.78992,0.79,1.00,1.00
2018.02.21 05:18:13.899,0.78987,0.78997,1.69,1.00
2018.02.21 05:18:13.951,0.78986,0.78995,1.69,1.00
2018.02.21 05:18:15.436,0.78986,0.78993,1.25,1.00
2018.02.21 05:18:17.683,0.78983,0.78993,3.00,1.00
2018.02.21 05:18:17.836,0.78981,0.7899,2.81,1.00
2018.02.21 05:18:18.796,0.78981,0.7899,2.06,1.00
2018.02.21 05:18:19.849,0.7898,0.78989,1.31,1.12
2018.02.21 05:18:20.198,0.7898,0.78991,2.63,1.00
2018.02.21 05:18:21.216,0.78982,0.78991,1.38,1.00
2018.02.21 05:18:21.267,0.78982,0.78993,1.88,2.81
2018.02.21 05:18:21.803,0.78983,0.78995,1.88,3.38
2018.02.21 05:18:27.403,0.78983,0.78995,2.63,1.69
2018.02.21 05:18:27.990,0.78985,0.78995,1.44,1.25
2018.02.21 05:18:28.526,0.78984,0.78995,1.44,3.94
2018.02.21 05:18:28.836,0.78982,0.78993,2.25,1.25
2018.02.21 05:18:30.647,0.78984,0.78994,1.44,1.25
2018.02.21 05:18:33.041,0.78984,0.78995,1.44,3.19
2018.02.21 05:18:34.304,0.78984,0.78994,1.00,1.44
2018.02.21 05:18:34.774,0.78981,0.78992,3.19,1.88
2018.02.21 05:18:35.283,0.78983,0.78994,1.00,3.19
2018.02.21 05:18:36.126,0.78983,0.78994,1.44,2.44
2018.02.21 05:18:38.676,0.78983,0.78993,1.25,1.00
2018.02.21 05:18:38.931,0.78981,0.78992,1.69,1.69
2018.02.21 05:18:40.271,0.78981,0.78992,2.63,1.50
2018.02.21 05:18:40.790,0.78983,0.78994,1.88,1.88
2018.02.21 05:18:43.391,0.78983,0.78994,1.13,1.69
2018.02.21 05:18:45.792,0.78982,0.78993,2.44,1.00
2018.02.21 05:18:46.550,0.78981,0.78993,3.38,2.25
2018.02.21 05:18:47.215,0.78981,0.78991,2.81,1.50
2018.02.21 05:18:48.019,0.78981,0.78993,3.56,2.06
2018.02.21 05:18:48.132,0.78982,0.78993,1.44,2.06
2018.02.21 05:18:54.125,0.78985,0.78994,1.44,2.25
2018.02.21 05:18:54.228,0.78987,0.78996,1.13,1.69
2018.02.21 05:18:54.279,0.78987,0.78998,1.88,3.19
2018.02.21 05:18:54.584,0.78989,0.78998,1.00,1.25
2018.02.21 05:18:54.889,0.78991,0.79,1.00,1.25
2018.02.21 05:18:55.423,0.78991,0.79001,1.12,1.25
2018.02.21 05:18:58.522,0.78991,0.79001,1.87,2.06
2018.02.21 05:18:59.104,0.7899,0.79,1.00,1.13
2018.02.21 05:19:01.909,0.78991,0.79,1.12,1.25
2018.02.21 05:19:03.945,0.78993,0.79,1.00,1.00
2018.02.21 05:19:04.263,0.78993,0.79002,1.00,1.88
2018.02.21 05:19:04.940,0.78994,0.79003,1.12,1.69
2018.02.21 05:19:06.542,0.78994,0.79002,1.12,1.00
2018.02.21 05:19:07.291,0.78993,0.79002,1.00,1.44
2018.02.21 05:19:08.239,0.78991,0.79002,1.50,1.31
2018.02.21 05:19:11.454,0.78994,0.79003,1.00,1.88
2018.02.21 05:19:12.834,0.78991,0.79001,1.50,1.31
2018.02.21 05:19:12.885,0.7899,0.79,1.50,1.13
2018.02.21 05:19:13.038,0.7899,0.79,1.00,2.25
2018.02.21 05:19:13.736,0.7899,0.79,1.00,2.62
2018.02.21 05:19:14.046,0.78992,0.79001,1.00,1.25
2018.02.21 05:19:14.506,0.78994,0.79001,1.00,1.00
2018.02.21 05:19:15.016,0.78994,0.79002,1.00,1.25
2018.02.21 05:19:24.793,0.78994,0.79005,2.06,2.63
2018.02.21 05:19:24.844,0.78996,0.79005,1.00,3.56
2018.02.21 05:19:25.547,0.78999,0.79007,1.00,1.87
2018.02.21 05:19:25.700,0.79002,0.79013,2.25,1.44
2018.02.21 05:19:26.591,0.79002,0.79012,1.00,1.31
2018.02.21 05:19:26.643,0.79001,0.7901,1.00,1.25
2018.02.21 05:19:27.165,0.79,0.7901,1.00,1.25
2018.02.21 05:19:28.956,0.79,0.79011,1.00,3.75
2018.02.21 05:19:29.946,0.79002,0.79012,1.00,1.31
2018.02.21 05:19:30.484,0.79003,0.79013,1.00,2.81
2018.02.21 05:19:30.992,0.79003,0.79013,1.00,3.56
2018.02.21 05:19:32.025,0.79003,0.79011,1.00,1.38
2018.02.21 05:19:32.230,0.79001,0.79009,1.00,1.38
2018.02.21 05:19:32.505,0.78999,0.79009,1.00,1.38
2018.02.21 05:19:34.124,0.79002,0.79011,1.00,4.31
2018.02.21 05:19:35.620,0.79002,0.79011,1.00,1.88
2018.02.21 05:19:37.720,0.79002,0.79011,1.00,1.38
2018.02.21 05:19:37.952,0.79,0.7901,1.50,1.63
2018.02.21 05:19:38.933,0.79,0.79011,1.00,5.06
2018.02.21 05:19:39.408,0.79006,0.79012,1.00,1.00
2018.02.21 05:19:39.459,0.79008,0.79015,1.00,1.00
2018.02.21 05:19:39.562,0.79012,0.79019,1.00,1.32
2018.02.21 05:19:39.920,0.79015,0.79023,1.00,1.44
2018.02.21 05:19:40.175,0.79013,0.79021,1.00,1.44
2018.02.21 05:19:40.378,0.7901,0.79021,3.75,1.69
2018.02.21 05:19:40.907,0.7901,0.79021,1.00,2.44
2018.02.21 05:19:41.061,0.79013,0.79023,1.00,2.07
2018.02.21 05:19:50.755,0.79011,0.79022,1.12,1.44
2018.02.21 05:19:50.918,0.79009,0.7902,1.50,1.88
2018.02.21 05:19:59.601,0.79007,0.79018,1.00,2.82
2018.02.21 05:20:02.292,0.79008,0.79017,1.00,1.13
2018.02.21 05:20:03.621,0.7901,0.79019,1.00,1.20
2018.02.21 05:20:13.800,0.7901,0.7902,1.00,1.69
2018.02.21 05:20:14.139,0.79012,0.79021,1.00,2.44
2018.02.21 05:20:17.139,0.79014,0.79021,1.00,1.01
2018.02.21 05:20:17.342,0.79014,0.79025,1.68,2.06
2018.02.21 05:20:17.545,0.79014,0.79023,1.24,1.00
2018.02.21 05:20:18.096,0.79013,0.79023,1.00,1.00
2018.02.21 05:20:18.693,0.79013,0.79025,1.50,3.37
2018.02.21 05:20:19.151,0.79011,0.79023,2.80,2.25
2018.02.21 05:20:19.358,0.7901,0.79021,1.50,1.87
2018.02.21 05:20:19.868,0.7901,0.7902,1.00,1.25
2018.02.21 05:20:19.971,0.79008,0.79019,3.18,1.00
2018.02.21 05:20:21.232,0.79008,0.79018,1.00,1.12
2018.02.21 05:20:21.334,0.79005,0.79016,3.75,1.25
2018.02.21 05:20:21.386,0.79005,0.79016,2.25,1.25
2018.02.21 05:20:22.395,0.79006,0.79016,1.00,1.69
2018.02.21 05:20:22.562,0.79008,0.79018,1.00,1.12
2018.02.21 05:20:23.092,0.79008,0.79019,1.50,1.87
2018.02.21 05:20:24.379,0.79008,0.79019,1.00,1.12
2018.02.21 05:20:26.376,0.79008,0.79019,1.00,1.87
2018.02.21 05:20:26.741,0.79008,0.79016,1.00,1.00
2018.02.21 05:20:26.792,0.79005,0.79016,1.00,1.87
2018.02.21 05:20:27.750,0.79005,0.79016,1.00,2.62
2018.02.21 05:20:28.259,0.79005,0.79016,1.00,2.62
2018.02.21 05:20:29.201,0.79005,0.79016,1.00,1.87
2018.02.21 05:20:31.093,0.79007,0.79016,1.00,1.87
2018.02.21 05:20:32.473,0.79007,0.79017,1.00,1.31
2018.02.21 05:20:33.483,0.79009,0.79018,1.00,1.25
2018.02.21 05:20:33.841,0.79011,0.79018,1.00,1.00
2018.02.21 05:20:34.744,0.7901,0.79018,1.00,1.00
2018.02.21 05:20:35.424,0.79011,0.79021,1.00,1.69
2018.02.21 05:20:36.404,0.79012,0.79021,1.00,1.00
2018.02.21 05:20:36.995,0.79011,0.7902,1.00,1.00
2018.02.21 05:20:49.645,0.79011,0.79021,1.00,1.25
2018.02.21 05:20:50.765,0.79011,0.79021,1.00,1.87
2018.02.21 05:20:50.968,0.79009,0.7902,1.50,1.87
2018.02.21 05:20:52.366,0.79009,0.7902,1.50,1.69
2018.02.21 05:20:59.197,0.7901,0.7902,1.00,1.00
2018.02.21 05:20:59.708,0.79009,0.79018,1.00,1.25
2018.02.21 05:21:00.079,0.79006,0.79015,1.00,1.00
2018.02.21 05:21:00.657,0.79005,0.79015,2.06,1.00
2018.02.21 05:21:01.261,0.79006,0.79015,1.00,1.00
2018.02.21 05:21:02.437,0.79005,0.79015,1.50,1.00
2018.02.21 05:21:08.502,0.79006,0.79015,1.00,1.00
2018.02.21 05:21:13.251,0.79005,0.79015,1.00,1.00
2018.02.21 05:21:15.874,0.79005,0.79014,1.00,1.00
2018.02.21 05:21:15.976,0.79002,0.79012,1.00,1.00
2018.02.21 05:21:16.129,0.79004,0.79012,1.00,1.50
2018.02.21 05:21:16.722,0.79004,0.79013,1.00,1.31
2018.02.21 05:21:17.223,0.79004,0.79014,1.87,1.50
2018.02.21 05:21:17.528,0.79008,0.79016,1.00,1.69
2018.02.21 05:21:20.511,0.79007,0.79015,1.00,1.25
2018.02.21 05:21:21.070,0.79008,0.79016,1.00,1.69
2018.02.21 05:21:22.016,0.79006,0.79016,1.00,1.50
2018.02.21 05:21:24.119,0.79007,0.79016,1.00,1.00
2018.02.21 05:21:25.507,0.79006,0.79014,1.00,1.25
2018.02.21 05:21:25.609,0.79004,0.79014,1.12,1.69
2018.02.21 05:21:25.660,0.79003,0.79012,2.25,1.25
2018.02.21 05:21:25.712,0.79002,0.79012,1.00,1.69
2018.02.21 05:21:26.111,0.79001,0.7901,1.50,1.25
2018.02.21 05:21:26.644,0.79001,0.79011,1.50,1.69
2018.02.21 05:21:27.169,0.79002,0.79012,1.00,1.25
2018.02.21 05:21:27.766,0.79003,0.79012,1.00,1.00
2018.02.21 05:21:28.561,0.79004,0.79012,1.00,1.00
2018.02.21 05:21:33.720,0.79004,0.79014,1.00,2.62
2018.02.21 05:21:33.872,0.79006,0.79016,1.00,1.69
2018.02.21 05:21:34.176,0.79008,0.79016,1.00,1.69
2018.02.21 05:21:34.800,0.79007,0.79015,1.00,1.00
2018.02.21 05:21:35.332,0.79006,0.79015,1.00,1.25
2018.02.21 05:21:36.507,0.79007,0.79016,1.00,1.69
2018.02.21 05:21:37.040,0.79008,0.79016,1.00,1.69
2018.02.21 05:21:38.235,0.79008,0.79016,1.00,2.06
2018.02.21 05:21:38.286,0.79002,0.79012,1.00,1.00
2018.02.21 05:21:38.337,0.79002,0.7901,1.00,1.00
2018.02.21 05:21:38.948,0.79001,0.7901,1.00,1.25
2018.02.21 05:21:42.052,0.79001,0.79009,1.00,1.87
2018.02.21 05:21:42.854,0.79,0.79009,1.00,3.00
2018.02.21 05:21:43.370,0.79,0.79009,1.00,3.00
2018.02.21 05:21:44.356,0.78999,0.79008,1.00,1.25
2018.02.21 05:21:44.661,0.78998,0.79006,1.00,1.00
2018.02.21 05:21:50.111,0.78997,0.79006,1.00,1.00
2018.02.21 05:21:55.240,0.78997,0.79003,1.00,1.00
2018.02.21 05:21:55.291,0.78995,0.79003,1.00,1.00
2018.02.21 05:21:55.793,0.78995,0.79004,1.00,1.31
2018.02.21 05:21:56.338,0.78996,0.79004,1.00,1.12
2018.02.21 05:21:57.096,0.78995,0.79004,1.00,2.25
2018.02.21 05:21:59.440,0.78995,0.79004,1.00,2.25
2018.02.21 05:21:59.644,0.78993,0.79002,1.00,1.00
2018.02.21 05:22:00.608,0.78994,0.79002,1.00,1.00
2018.02.21 05:22:04.941,0.78995,0.79002,1.00,1.00
2018.02.21 05:22:05.094,0.78996,0.79004,1.00,1.87
2018.02.21 05:22:06.785,0.78995,0.79004,1.00,3.75
2018.02.21 05:22:07.514,0.78996,0.79004,1.00,2.62
2018.02.21 05:22:07.565,0.78996,0.79006,1.00,3.75
2018.02.21 05:22:07.617,0.78998,0.79006,1.00,1.00
2018.02.21 05:22:07.923,0.79001,0.79008,1.00,1.00
2018.02.21 05:22:12.120,0.79001,0.79009,1.00,1.00
2018.02.21 05:22:13.755,0.79002,0.79009,1.00,1.00
2018.02.21 05:22:16.001,0.79003,0.79009,1.00,1.00
2018.02.21 05:22:16.205,0.79004,0.79012,1.00,2.25
2018.02.21 05:22:16.389,0.79005,0.79014,1.00,1.44
2018.02.21 05:22:17.494,0.79005,0.79015,1.00,2.62
2018.02.21 05:22:18.033,0.79005,0.79015,1.00,1.69
2018.02.21 05:22:18.246,0.79004,0.79013,1.00,1.00
2018.02.21 05:22:18.348,0.79005,0.79015,1.00,1.69
2018.02.21 05:22:18.962,0.79006,0.79015,1.00,1.69
2018.02.21 05:22:19.290,0.79006,0.79013,1.00,1.00
2018.02.21 05:22:19.526,0.79003,0.79013,1.00,2.44
2018.02.21 05:22:19.781,0.79003,0.7901,1.00,1.00
2018.02.21 05:22:20.303,0.79002,0.79011,1.00,1.87
2018.02.21 05:22:23.170,0.79001,0.7901,1.00,1.00
2018.02.21 05:22:23.693,0.79002,0.79011,1.00,1.00
2018.02.21 05:22:24.800,0.79002,0.79011,1.00,1.87
2018.02.21 05:22:26.440,0.79002,0.79011,1.00,1.87
2018.02.21 05:22:27.170,0.79002,0.79011,1.00,1.87
2018.02.21 05:22:28.292,0.79002,0.79009,1.00,1.12
2018.02.21 05:22:28.468,0.79,0.79009,1.00,1.12
2018.02.21 05:22:28.877,0.79001,0.79011,1.00,1.69
2018.02.21 05:22:29.839,0.79002,0.79011,1.00,1.00
2018.02.21 05:22:32.907,0.79003,0.79011,1.00,1.00
2018.02.21 05:22:35.898,0.79,0.79009,1.00,1.00
2018.02.21 05:22:35.949,0.79001,0.79011,1.00,1.50
2018.02.21 05:22:36.701,0.79002,0.79011,1.00,2.25
2018.02.21 05:22:39.117,0.79003,0.79011,1.00,1.50
2018.02.21 05:22:39.985,0.79002,0.79011,1.00,1.50
2018.02.21 05:22:41.243,0.79003,0.79011,1.00,1.00
2018.02.21 05:22:42.321,0.79003,0.79013,1.00,2.81
2018.02.21 05:22:43.396,0.79005,0.79014,1.00,3.37
2018.02.21 05:22:43.933,0.79006,0.79014,1.00,1.00
2018.02.21 05:22:45.774,0.79006,0.79017,2.44,2.81
2018.02.21 05:22:45.942,0.79008,0.79017,1.00,1.50
2018.02.21 05:22:46.763,0.79007,0.79016,1.00,1.12
2018.02.21 05:22:47.481,0.79006,0.79015,1.00,1.69
2018.02.21 05:22:56.710,0.79007,0.79015,1.00,1.00
2018.02.21 05:23:00.136,0.79007,0.79014,1.00,1.50
2018.02.21 05:23:00.187,0.79001,0.7901,1.50,1.25
2018.02.21 05:23:00.239,0.79001,0.79008,1.00,1.00
2018.02.21 05:23:00.290,0.78999,0.79008,1.00,1.00
2018.02.21 05:23:02.760,0.79,0.79008,1.00,1.00
2018.02.21 05:23:08.518,0.79,0.79009,1.00,1.12
2018.02.21 05:23:09.131,0.79001,0.79009,1.00,1.12
2018.02.21 05:23:13.227,0.78998,0.79009,1.69,1.87
2018.02.21 05:23:13.380,0.79,0.79009,1.00,2.62
2018.02.21 05:23:13.890,0.79,0.7901,1.00,1.50
2018.02.21 05:23:17.097,0.78999,0.7901,1.50,3.56
2018.02.21 05:23:18.167,0.78999,0.7901,1.50,3.37
2018.02.21 05:23:18.473,0.78997,0.79006,1.00,1.00
2018.02.21 05:23:19.019,0.78996,0.79006,1.00,1.00
2018.02.21 05:23:21.135,0.78995,0.79006,2.62,1.87
2018.02.21 05:23:34.626,0.78995,0.79005,1.00,1.00
2018.02.21 05:23:35.818,0.78995,0.79006,2.25,1.87
2018.02.21 05:23:36.220,0.78997,0.79006,1.00,1.87
2018.02.21 05:23:38.595,0.78998,0.79008,1.00,1.50
2018.02.21 05:23:39.814,0.78999,0.79008,1.00,1.00
2018.02.21 05:23:44.393,0.78998,0.79008,1.00,1.00
2018.02.21 05:23:45.183,0.78999,0.79008,1.00,1.00
2018.02.21 05:23:45.234,0.78998,0.79006,1.00,1.00
2018.02.21 05:23:45.437,0.78996,0.79006,1.50,1.00
2018.02.21 05:23:45.969,0.78995,0.79005,1.00,1.00
2018.02.21 05:23:49.411,0.78994,0.79005,1.00,1.00
2018.02.21 05:23:56.557,0.78994,0.79003,1.00,1.00
2018.02.21 05:23:59.472,0.78994,0.79005,1.69,1.00
2018.02.21 05:23:59.727,0.78996,0.79006,1.00,1.87
2018.02.21 05:24:00.232,0.78997,0.79006,1.00,1.87
2018.02.21 05:24:04.354,0.78996,0.79006,1.50,1.87
2018.02.21 05:24:10.937,0.78995,0.79006,1.50,2.44
2018.02.21 05:24:11.247,0.78995,0.79004,1.00,1.00
2018.02.21 05:24:13.259,0.78993,0.79004,2.62,2.25
2018.02.21 05:24:14.680,0.78994,0.79004,1.00,1.50
2018.02.21 05:24:19.301,0.78994,0.79004,1.87,1.00
2018.02.21 05:24:19.963,0.78994,0.79004,1.12,1.00
2018.02.21 05:24:20.319,0.78996,0.79006,1.00,1.00
2018.02.21 05:24:21.015,0.78997,0.79006,1.00,1.00
2018.02.21 05:24:21.881,0.78996,0.79006,1.87,1.00
2018.02.21 05:24:24.199,0.78996,0.79004,1.12,1.00
2018.02.21 05:24:24.250,0.78993,0.79004,1.87,2.44
2018.02.21 05:24:25.871,0.78993,0.79004,1.87,3.37
2018.02.21 05:24:26.491,0.78993,0.79004,2.62,1.50
2018.02.21 05:24:27.096,0.78994,0.79004,1.00,1.69
2018.02.21 05:24:27.613,0.78993,0.79004,3.37,1.69
2018.02.21 05:24:28.136,0.78994,0.79004,1.00,1.69
2018.02.21 05:24:28.977,0.78993,0.79004,3.56,1.50
2018.02.21 05:24:31.201,0.78993,0.79002,1.87,1.44
2018.02.21 05:24:31.304,0.7899,0.78999,1.50,1.00
2018.02.21 05:24:31.856,0.7899,0.79,1.50,1.50
2018.02.21 05:24:40.451,0.7899,0.78998,1.00,1.00
2018.02.21 05:24:42.705,0.7899,0.78999,1.00,1.00
2018.02.21 05:24:43.372,0.78991,0.79,1.69,1.00
2018.02.21 05:24:44.234,0.7899,0.79,2.62,1.00
2018.02.21 05:24:44.752,0.7899,0.79001,1.00,3.56
2018.02.21 05:24:45.627,0.7899,0.79,1.00,1.00
2018.02.21 05:24:45.781,0.78987,0.78998,1.69,2.62
2018.02.21 05:24:46.317,0.78987,0.78997,1.00,2.25
2018.02.21 05:24:46.368,0.78985,0.78997,3.37,2.25
2018.02.21 05:24:46.419,0.78985,0.78995,1.00,1.50
2018.02.21 05:24:46.926,0.78985,0.78996,1.87,1.00
2018.02.21 05:24:47.741,0.78985,0.78996,1.87,1.00
2018.02.21 05:24:48.381,0.78986,0.78996,1.44,1.00
2018.02.21 05:24:48.617,0.78989,0.78999,1.25,1.00
2018.02.21 05:24:49.628,0.78988,0.78999,3.37,1.00
2018.02.21 05:24:49.734,0.78988,0.78997,1.50,1.00
2018.02.21 05:24:50.203,0.78989,0.78999,1.25,2.25
2018.02.21 05:24:50.613,0.78987,0.78999,1.87,4.50
2018.02.21 05:24:51.201,0.78986,0.78997,2.81,1.00
2018.02.21 05:24:55.038,0.78986,0.78997,2.06,1.00
2018.02.21 05:24:55.963,0.78987,0.78998,1.25,1.87
2018.02.21 05:24:56.223,0.78991,0.78998,1.44,1.00
2018.02.21 05:24:56.325,0.78993,0.79002,1.00,1.50
2018.02.21 05:24:56.377,0.78993,0.79003,1.25,1.50
2018.02.21 05:24:56.892,0.78992,0.79003,1.50,2.44
2018.02.21 05:24:57.741,0.78992,0.79002,1.00,1.87
2018.02.21 05:24:58.518,0.78992,0.79001,1.00,1.25
2018.02.21 05:25:00.042,0.78992,0.79,1.00,1.00
2018.02.21 05:25:00.840,0.78992,0.79001,1.00,1.87
2018.02.21 05:25:01.702,0.7899,0.79001,2.25,1.00
2018.02.21 05:25:02.859,0.78988,0.78998,1.87,1.50
2018.02.21 05:25:02.960,0.78985,0.78996,1.31,1.50
2018.02.21 05:25:03.664,0.78985,0.78995,1.87,1.00
2018.02.21 05:25:04.316,0.78985,0.78994,2.06,1.00
2018.02.21 05:25:04.851,0.78985,0.78995,1.31,1.00
2018.02.21 05:25:05.397,0.78985,0.78994,1.12,1.00
2018.02.21 05:25:05.448,0.78985,0.78996,2.06,1.50
2018.02.21 05:25:06.956,0.78985,0.78995,2.06,1.00
2018.02.21 05:25:09.048,0.78985,0.78996,2.06,1.50
2018.02.21 05:25:09.583,0.78985,0.78993,1.12,1.00
2018.02.21 05:25:09.887,0.78982,0.78992,1.50,1.00
2018.02.21 05:25:10.676,0.78982,0.78991,1.50,1.00
2018.02.21 05:25:13.102,0.78984,0.78992,1.00,1.00
2018.02.21 05:25:14.119,0.78984,0.78993,1.00,1.00
2018.02.21 05:25:15.119,0.78983,0.78993,1.25,1.00
2018.02.21 05:25:15.568,0.78985,0.78994,1.25,1.00
2018.02.21 05:25:16.082,0.78985,0.78995,1.25,1.87
2018.02.21 05:25:20.783,0.78985,0.78995,1.87,1.12
2018.02.21 05:25:23.796,0.78985,0.78996,1.69,3.00
2018.02.21 05:25:24.252,0.78983,0.78994,3.00,1.00
2018.02.21 05:25:24.760,0.78984,0.78994,1.00,1.00
2018.02.21 05:25:25.233,0.78985,0.78996,1.69,1.50
2018.02.21 05:25:35.621,0.78984,0.78994,1.87,1.00
2018.02.21 05:25:36.163,0.78983,0.78993,1.25,1.00
2018.02.21 05:25:36.492,0.78986,0.78996,1.00,1.00
2018.02.21 05:25:36.796,0.78988,0.78997,1.00,1.00
2018.02.21 05:25:38.831,0.78988,0.78999,3.00,1.00
2018.02.21 05:25:39.429,0.78989,0.78999,1.50,1.00
2018.02.21 05:25:40.462,0.7899,0.78999,1.00,1.00
2018.02.21 05:25:41.655,0.78991,0.79002,1.00,1.50
2018.02.21 05:25:41.758,0.78991,0.79,1.00,1.25
2018.02.21 05:25:42.323,0.7899,0.79,1.00,1.00
2018.02.21 05:25:42.918,0.78991,0.79,1.00,1.00
2018.02.21 05:25:44.324,0.78991,0.79002,1.00,2.81
2018.02.21 05:25:44.375,0.78991,0.79,1.00,1.00
2018.02.21 05:25:49.683,0.78991,0.79002,1.00,3.56
2018.02.21 05:25:49.836,0.78993,0.79002,1.00,2.81
2018.02.21 05:25:50.141,0.78993,0.79004,1.00,2.25
2018.02.21 05:25:50.654,0.78993,0.79003,1.00,1.50
2018.02.21 05:25:57.160,0.78993,0.79003,1.00,3.00
2018.02.21 05:25:58.972,0.78993,0.79001,1.00,1.87
2018.02.21 05:25:59.126,0.78991,0.79,1.00,1.25
2018.02.21 05:25:59.527,0.78989,0.79,1.87,1.25
2018.02.21 05:26:00.908,0.78989,0.79001,1.87,2.44
2018.02.21 05:26:01.179,0.78991,0.79001,1.00,1.00
2018.02.21 05:26:02.091,0.78991,0.79002,1.00,3.19
2018.02.21 05:26:05.412,0.78991,0.79002,1.00,3.56
2018.02.21 05:26:06.359,0.7899,0.79001,1.25,1.87
2018.02.21 05:26:07.304,0.78989,0.79001,3.56,2.81
2018.02.21 05:26:07.960,0.78989,0.79,2.81,1.12
2018.02.21 05:26:10.313,0.78991,0.79,1.00,1.50
2018.02.21 05:26:10.815,0.78991,0.79001,1.50,1.00
2018.02.21 05:26:12.970,0.78991,0.79002,1.69,1.87
2018.02.21 05:26:13.620,0.78992,0.79002,1.00,1.00
2018.02.21 05:26:13.925,0.78995,0.79003,1.00,1.00
2018.02.21 05:26:14.027,0.78993,0.79003,1.31,1.50
2018.02.21 05:26:17.990,0.7899,0.79001,3.19,1.00
2018.02.21 05:26:18.511,0.7899,0.79,1.00,1.69
2018.02.21 05:26:19.318,0.7899,0.79001,1.12,3.94
2018.02.21 05:26:22.595,0.78992,0.79001,1.69,1.50
2018.02.21 05:26:22.646,0.78992,0.79003,1.69,1.50
2018.02.21 05:26:23.167,0.78993,0.79004,1.69,1.69
2018.02.21 05:26:24.837,0.78994,0.79004,1.25,1.00
2018.02.21 05:26:26.353,0.78996,0.79006,1.00,1.50
2018.02.21 05:26:26.610,0.78997,0.79008,1.00,2.44
2018.02.21 05:26:26.713,0.78996,0.79006,1.50,1.12
2018.02.21 05:26:26.916,0.78994,0.79005,1.00,2.44
2018.02.21 05:26:32.152,0.78994,0.79004,1.00,1.00
2018.02.21 05:26:32.254,0.78997,0.79006,1.00,1.25
2018.02.21 05:26:33.725,0.78997,0.79007,1.00,1.69
2018.02.21 05:26:39.612,0.78997,0.79008,1.00,3.37
2018.02.21 05:26:41.752,0.78997,0.79007,1.00,1.00
2018.02.21 05:26:42.058,0.78999,0.79009,1.00,1.50
2018.02.21 05:26:43.388,0.78999,0.7901,1.00,3.19
2018.02.21 05:26:45.111,0.78999,0.7901,2.62,1.50
2018.02.21 05:26:46.635,0.79001,0.79011,1.00,1.00
2018.02.21 05:26:49.097,0.79001,0.7901,1.00,1.00
2018.02.21 05:26:50.134,0.78998,0.79009,2.81,1.00
2018.02.21 05:26:53.359,0.78998,0.79008,1.87,1.12
2018.02.21 05:26:53.665,0.78996,0.79007,2.25,1.25
2018.02.21 05:26:54.545,0.78998,0.79008,1.00,2.62
2018.02.21 05:26:56.868,0.78998,0.79009,1.00,3.37
2018.02.21 05:26:57.755,0.79,0.7901,1.00,1.25
2018.02.21 05:26:58.716,0.78999,0.7901,2.81,1.50
2018.02.21 05:27:00.354,0.79,0.7901,1.00,1.50
2018.02.21 05:27:00.695,0.79002,0.79011,1.00,1.00
2018.02.21 05:27:00.797,0.79,0.79011,2.44,1.50
2018.02.21 05:27:02.181,0.79,0.7901,1.50,1.00
2018.02.21 05:27:02.440,0.78997,0.79007,1.50,1.00
2018.02.21 05:27:02.832,0.78996,0.79005,1.00,1.00
2018.02.21 05:27:03.456,0.78995,0.79005,2.44,1.00
2018.02.21 05:27:04.051,0.78996,0.79005,1.25,1.00
2018.02.21 05:27:04.426,0.78994,0.79003,1.25,1.00
2018.02.21 05:27:07.256,0.78994,0.79005,1.87,1.50
2018.02.21 05:27:09.020,0.78996,0.79006,1.25,1.12
2018.02.21 05:27:09.325,0.78997,0.79008,1.69,1.50
2018.02.21 05:27:13.612,0.78995,0.79007,2.81,2.81
2018.02.21 05:27:13.747,0.78994,0.79004,1.44,1.00
2018.02.21 05:27:14.401,0.78995,0.79005,1.25,1.00
2018.02.21 05:27:19.111,0.78996,0.79006,1.00,1.87
2018.02.21 05:27:22.103,0.78997,0.79006,1.00,1.50
2018.02.21 05:27:23.281,0.78998,0.79006,1.00,1.50
2018.02.21 05:27:25.425,0.78997,0.79006,1.25,1.50
2018.02.21 05:27:27.392,0.78996,0.79006,1.50,1.00
2018.02.21 05:27:27.912,0.78997,0.79006,1.69,1.00
2018.02.21 05:27:28.608,0.78998,0.79006,1.25,1.00
2018.02.21 05:27:29.846,0.78998,0.79006,1.87,1.00
2018.02.21 05:27:32.019,0.78998,0.79008,1.87,1.50
2018.02.21 05:27:33.343,0.78998,0.79008,1.87,1.50
2018.02.21 05:27:34.988,0.78999,0.79008,1.00,1.50
2018.02.21 05:27:36.461,0.79,0.79008,1.25,1.00
2018.02.21 05:27:37.875,0.79001,0.7901,1.25,1.50
2018.02.21 05:27:38.635,0.79,0.7901,1.69,1.50
2018.02.21 05:27:38.838,0.79001,0.79012,1.69,2.25
2018.02.21 05:27:39.163,0.79003,0.79014,1.69,3.00
2018.02.21 05:27:39.470,0.79002,0.79011,1.87,1.00
2018.02.21 05:27:40.168,0.79002,0.79011,1.00,1.00
2018.02.21 05:27:41.641,0.79003,0.79014,2.44,1.50
2018.02.21 05:27:41.694,0.79005,0.79014,1.00,1.00
2018.02.21 05:27:43.252,0.79004,0.79014,1.00,1.50
2018.02.21 05:27:43.577,0.79004,0.79012,1.00,1.00
2018.02.21 05:27:44.511,0.79003,0.79012,1.25,1.00
2018.02.21 05:27:45.959,0.79004,0.79012,1.00,1.00
2018.02.21 05:27:47.272,0.79005,0.79012,1.25,1.00
2018.02.21 05:27:47.323,0.79005,0.79014,1.25,1.50
2018.02.21 05:27:48.530,0.79004,0.79014,1.25,1.50
2018.02.21 05:27:49.036,0.79003,0.79014,1.00,2.44
2018.02.21 05:27:49.724,0.79003,0.79013,1.00,1.00
2018.02.21 05:27:50.847,0.79003,0.79014,1.00,4.12
2018.02.21 05:27:51.246,0.79007,0.79014,1.25,1.00
2018.02.21 05:27:51.298,0.79007,0.79017,1.25,2.25
2018.02.21 05:27:51.713,0.79008,0.79019,2.25,2.62
2018.02.21 05:27:53.035,0.7901,0.79019,1.00,2.62
2018.02.21 05:27:55.034,0.79008,0.79019,1.50,3.56
2018.02.21 05:27:55.085,0.79008,0.79017,1.00,1.00
2018.02.21 05:27:55.445,0.79006,0.79015,1.44,1.00
2018.02.21 05:27:55.996,0.79006,0.79015,1.25,1.00
2018.02.21 05:28:06.414,0.79006,0.79017,1.69,1.50
2018.02.21 05:28:07.379,0.79007,0.79017,1.50,1.50
2018.02.21 05:28:11.994,0.79007,0.79017,1.00,1.12
2018.02.21 05:28:12.315,0.79008,0.79019,1.69,2.25
2018.02.21 05:28:13.154,0.79008,0.79018,1.00,1.25
2018.02.21 05:28:13.257,0.79006,0.79016,1.69,1.00
2018.02.21 05:28:14.777,0.79008,0.79018,1.87,2.25
2018.02.21 05:28:15.300,0.79008,0.79018,1.50,1.00
2018.02.21 05:28:15.915,0.79009,0.79017,1.00,1.00
2018.02.21 05:28:15.969,0.79006,0.79017,2.06,1.50
2018.02.21 05:28:17.786,0.79007,0.79017,1.25,1.12
2018.02.21 05:28:19.026,0.79007,0.79018,1.69,1.50
2018.02.21 05:28:19.530,0.79008,0.79018,1.69,1.00
2018.02.21 05:28:19.632,0.79009,0.7902,1.69,1.00
2018.02.21 05:28:20.031,0.79008,0.79018,1.50,1.00
2018.02.21 05:28:20.554,0.79007,0.79018,1.69,1.87
2018.02.21 05:28:21.936,0.79008,0.79018,1.00,1.50
2018.02.21 05:28:23.176,0.79007,0.79018,1.50,1.00
2018.02.21 05:28:23.723,0.79008,0.79018,1.00,1.87
2018.02.21 05:28:24.643,0.79007,0.79018,1.00,1.50
2018.02.21 05:28:25.156,0.79008,0.79019,1.00,1.87
2018.02.21 05:28:26.172,0.79007,0.79018,2.25,1.00
2018.02.21 05:28:27.176,0.79008,0.79018,1.00,1.00
2018.02.21 05:28:27.380,0.79008,0.7902,3.00,2.25
2018.02.21 05:28:30.413,0.79007,0.79017,1.69,1.00
2018.02.21 05:28:30.718,0.79006,0.79014,1.25,1.00
2018.02.21 05:28:31.452,0.79008,0.79016,1.00,2.25
2018.02.21 05:28:34.628,0.79008,0.79018,1.25,1.87
2018.02.21 05:28:35.278,0.79007,0.79018,2.44,1.87
2018.02.21 05:28:35.869,0.79007,0.79017,1.00,1.25
2018.02.21 05:28:35.920,0.79006,0.79015,1.00,1.00
2018.02.21 05:28:36.910,0.79005,0.79015,1.69,1.00
2018.02.21 05:28:37.542,0.79003,0.79014,1.00,2.62
2018.02.21 05:28:37.593,0.79002,0.79012,1.25,1.00
2018.02.21 05:28:37.898,0.78997,0.79007,1.50,1.00
2018.02.21 05:28:38.681,0.78998,0.79007,1.25,1.00
2018.02.21 05:28:38.936,0.78999,0.79009,1.00,1.87
2018.02.21 05:28:40.410,0.79,0.79009,1.00,1.87
2018.02.21 05:28:45.513,0.79001,0.79011,1.25,1.00
2018.02.21 05:28:47.217,0.79,0.79011,2.44,1.50
2018.02.21 05:28:48.372,0.79001,0.79011,1.25,1.50
2018.02.21 05:28:50.130,0.79,0.79011,1.69,1.69
2018.02.21 05:28:51.438,0.79,0.79008,1.25,1.00
2018.02.21 05:28:51.541,0.78998,0.79008,1.69,1.00
2018.02.21 05:28:52.174,0.78999,0.79008,1.25,1.00
2018.02.21 05:28:54.356,0.78998,0.79008,1.00,1.00
2018.02.21 05:28:54.571,0.78997,0.79006,1.69,1.00
2018.02.21 05:28:54.876,0.78995,0.79004,1.25,1.00
2018.02.21 05:28:56.494,0.78996,0.79006,1.12,2.25
2018.02.21 05:28:57.228,0.78995,0.79006,2.62,1.00
2018.02.21 05:28:57.638,0.78997,0.79006,2.25,1.00
2018.02.21 05:28:57.688,0.78998,0.79009,1.00,5.06
2018.02.21 05:28:58.507,0.78998,0.79006,1.00,1.00
2018.02.21 05:28:59.142,0.78997,0.79006,1.69,1.00
2018.02.21 05:29:00.025,0.78997,0.79008,2.25,1.00
2018.02.21 05:29:00.207,0.78997,0.79006,1.00,1.00
2018.02.21 05:29:00.708,0.78996,0.79006,1.00,1.00
2018.02.21 05:29:01.661,0.78997,0.79006,1.25,1.00
2018.02.21 05:29:02.290,0.78997,0.79007,2.62,1.00
2018.02.21 05:29:07.706,0.78997,0.79006,1.00,1.00
2018.02.21 05:29:07.808,0.78995,0.79005,1.87,1.00
2018.02.21 05:29:08.580,0.78994,0.79004,1.00,1.00
2018.02.21 05:29:10.381,0.78993,0.79004,2.62,1.00
2018.02.21 05:29:12.452,0.78994,0.79005,1.69,1.50
2018.02.21 05:29:12.758,0.78996,0.79006,1.00,2.62
2018.02.21 05:29:13.682,0.78997,0.79006,1.00,1.00
2018.02.21 05:29:14.642,0.78996,0.79006,1.69,1.50
2018.02.21 05:29:18.922,0.78995,0.79001,1.00,1.00
2018.02.21 05:29:18.974,0.78992,0.79001,1.87,1.00
2018.02.21 05:29:19.619,0.7899,0.79001,1.87,1.00
2018.02.21 05:29:20.148,0.78991,0.79001,1.25,1.00
2018.02.21 05:29:25.545,0.78992,0.79002,1.44,1.12
2018.02.21 05:29:25.716,0.78993,0.79004,1.69,3.00
2018.02.21 05:29:26.172,0.78995,0.79004,1.00,2.25
2018.02.21 05:29:32.311,0.78995,0.79006,2.62,2.25
2018.02.21 05:29:34.280,0.78996,0.79006,1.00,2.25
2018.02.21 05:29:34.534,0.78997,0.79007,1.50,1.00
2018.02.21 05:29:40.276,0.78998,0.79008,1.25,2.62
2018.02.21 05:29:40.985,0.78997,0.79008,2.62,1.87
2018.02.21 05:29:42.366,0.78997,0.79007,1.00,1.00
2018.02.21 05:29:42.904,0.78997,0.79008,2.06,1.00
2018.02.21 05:29:43.515,0.78997,0.79008,2.25,1.00
2018.02.21 05:29:47.175,0.78999,0.79008,1.00,1.00
2018.02.21 05:29:47.538,0.79001,0.79011,1.00,2.62
2018.02.21 05:29:49.487,0.79001,0.79012,2.62,1.50
2018.02.21 05:29:50.024,0.79002,0.79012,1.00,1.00
2018.02.21 05:29:50.581,0.79001,0.79012,3.00,1.00
2018.02.21 05:29:51.981,0.79001,0.79011,1.87,1.00
2018.02.21 05:29:53.186,0.79001,0.79011,1.87,1.00
2018.02.21 05:29:53.288,0.79005,0.79013,1.00,1.50
2018.02.21 05:29:53.340,0.79005,0.79015,1.50,1.00
2018.02.21 05:29:54.629,0.79006,0.79014,1.00,1.00
2018.02.21 05:29:55.744,0.79006,0.79016,1.69,1.00
2018.02.21 05:29:55.948,0.79008,0.79016,1.00,1.00
2018.02.21 05:29:56.383,0.79006,0.79016,1.00,1.00
2018.02.21 05:29:56.485,0.79005,0.79014,1.00,1.00
2018.02.21 05:29:58.212,0.79004,0.79014,2.44,1.00
2018.02.21 05:29:59.195,0.79006,0.79014,1.25,1.00
2018.02.21 05:30:00.106,0.79006,0.79015,1.25,1.50
2018.02.21 05:30:00.310,0.79006,0.79017,1.69,1.87
2018.02.21 05:30:00.412,0.79005,0.79015,1.00,1.00
2018.02.21 05:30:00.612,0.79001,0.79013,2.44,1.50
2018.02.21 05:30:00.666,0.79,0.7901,2.81,1.00
2018.02.21 05:30:00.977,0.78999,0.79007,1.50,1.00
2018.02.21 05:30:01.514,0.78998,0.79007,1.50,1.00
2018.02.21 05:30:02.041,0.78997,0.79007,1.69,1.00
2018.02.21 05:30:02.351,0.78994,0.79002,1.00,1.00
2018.02.21 05:30:02.926,0.78994,0.79004,1.50,2.62
2018.02.21 05:30:03.436,0.78993,0.79003,1.69,1.00
2018.02.21 05:30:03.812,0.78996,0.79003,1.00,1.00
2018.02.21 05:30:03.997,0.78996,0.79005,1.00,1.00
2018.02.21 05:30:04.546,0.78996,0.79006,1.00,2.25
2018.02.21 05:30:06.592,0.78995,0.79006,1.12,2.25
2018.02.21 05:30:08.956,0.78998,0.79008,1.00,1.50
2018.02.21 05:30:09.261,0.78996,0.79006,1.00,1.50
2018.02.21 05:30:09.798,0.78996,0.79005,1.00,1.00
2018.02.21 05:30:14.626,0.78996,0.79004,1.00,1.00
2018.02.21 05:30:15.133,0.78995,0.79004,1.87,1.00
2018.02.21 05:30:19.984,0.78995,0.79005,1.87,1.00
2018.02.21 05:30:20.751,0.78996,0.79005,1.00,1.00
2018.02.21 05:30:20.803,0.78993,0.79004,2.06,1.50
2018.02.21 05:30:21.834,0.78993,0.79003,3.00,1.00
2018.02.21 05:30:22.481,0.78993,0.79002,1.44,1.00
2018.02.21 05:30:27.112,0.78993,0.79003,1.44,2.62
2018.02.21 05:30:28.110,0.78995,0.79004,1.12,1.50
2018.02.21 05:30:33.625,0.78995,0.79003,1.12,1.00
2018.02.21 05:30:34.169,0.78996,0.79005,1.87,1.00
2018.02.21 05:30:35.113,0.78994,0.79005,1.00,3.19
2018.02.21 05:30:35.167,0.78993,0.79002,1.00,1.12
2018.02.21 05:30:35.379,0.78989,0.78999,1.69,1.00
2018.02.21 05:30:36.046,0.78988,0.78998,2.62,1.00
2018.02.21 05:30:37.505,0.78989,0.78999,1.25,1.50
2018.02.21 05:30:39.007,0.7899,0.78999,1.00,1.50
2018.02.21 05:30:39.513,0.78988,0.78998,3.37,1.00
2018.02.21 05:30:39.564,0.78987,0.78996,1.25,1.50
2018.02.21 05:30:40.850,0.78988,0.78996,1.00,1.50
2018.02.21 05:30:44.782,0.78988,0.78997,1.25,1.00
2018.02.21 05:30:45.302,0.78986,0.78997,3.37,1.00
2018.02.21 05:30:46.030,0.78986,0.78996,1.69,1.00
2018.02.21 05:30:48.058,0.78987,0.78998,1.44,2.62
2018.02.21 05:30:48.731,0.78989,0.78998,1.87,1.00
2018.02.21 05:30:49.413,0.78989,0.78998,1.87,1.00
2018.02.21 05:30:50.256,0.78989,0.78999,1.87,1.50
2018.02.21 05:31:06.445,0.78988,0.78998,1.87,1.00
2018.02.21 05:31:07.256,0.78987,0.78997,1.44,1.50
2018.02.21 05:31:07.845,0.78989,0.78997,1.00,1.00
2018.02.21 05:31:12.269,0.78988,0.78997,1.12,1.00
2018.02.21 05:31:12.803,0.78988,0.78996,1.44,1.00
2018.02.21 05:31:15.360,0.78988,0.78998,1.44,1.00
2018.02.21 05:31:16.483,0.78988,0.78998,1.25,1.00
2018.02.21 05:31:16.994,0.78986,0.78996,2.81,1.00
2018.02.21 05:31:17.521,0.78986,0.78995,1.00,1.00
2018.02.21 05:31:20.613,0.78984,0.78994,2.81,1.00
2018.02.21 05:31:21.111,0.78982,0.78993,1.69,2.44
2018.02.21 05:31:21.186,0.78982,0.78991,1.50,1.00
2018.02.21 05:31:21.296,0.78979,0.7899,2.62,1.50
2018.02.21 05:31:21.550,0.78982,0.78992,1.25,1.12
2018.02.21 05:31:22.065,0.7898,0.78992,1.87,1.87
2018.02.21 05:31:22.116,0.7898,0.7899,1.12,1.00
2018.02.21 05:31:24.226,0.78979,0.7899,2.62,1.50
2018.02.21 05:31:24.544,0.78976,0.78987,1.87,1.50
2018.02.21 05:31:25.095,0.78978,0.78988,1.25,1.00
2018.02.21 05:31:25.905,0.78979,0.78989,1.69,1.00
2018.02.21 05:31:27.107,0.78979,0.7899,1.69,1.50
2018.02.21 05:31:32.042,0.78979,0.7899,1.87,1.50
2018.02.21 05:31:34.761,0.78977,0.78988,3.37,1.00
2018.02.21 05:31:35.422,0.78977,0.78986,1.12,1.00
2018.02.21 05:31:35.898,0.7898,0.78989,1.00,3.00
2018.02.21 05:31:35.950,0.7898,0.78989,1.00,1.50
2018.02.21 05:31:36.358,0.78981,0.78991,1.44,2.25
2018.02.21 05:31:42.129,0.78981,0.78991,1.00,1.00
2018.02.21 05:31:42.433,0.78979,0.78989,1.69,1.12
2018.02.21 05:31:42.984,0.78981,0.78991,1.12,1.50
2018.02.21 05:31:44.992,0.78982,0.78991,1.25,1.50
2018.02.21 05:31:45.384,0.7898,0.7899,1.69,1.00
2018.02.21 05:31:46.011,0.78979,0.78989,1.44,1.00
2018.02.21 05:31:47.389,0.78979,0.78989,1.25,1.00
2018.02.21 05:31:47.942,0.78979,0.78989,1.44,1.12
2018.02.21 05:31:48.525,0.78979,0.78989,1.12,1.12
2018.02.21 05:31:48.627,0.78979,0.78987,1.12,1.00
2018.02.21 05:31:49.023,0.78979,0.78989,1.25,1.87
2018.02.21 05:31:49.460,0.78977,0.78986,1.25,1.00
2018.02.21 05:31:50.458,0.78976,0.78986,1.25,1.00
2018.02.21 05:31:51.084,0.78975,0.78984,2.44,1.00
2018.02.21 05:31:51.135,0.78975,0.78987,3.19,2.81
2018.02.21 05:31:52.047,0.78975,0.78987,3.37,1.87
2018.02.21 05:31:52.805,0.78977,0.78987,1.25,1.12
2018.02.21 05:31:53.329,0.78978,0.78988,1.25,1.50
2018.02.21 05:31:53.953,0.78978,0.78988,1.44,1.50
2018.02.21 05:31:55.223,0.78977,0.78988,2.62,1.50
2018.02.21 05:31:55.674,0.78975,0.78987,3.37,1.87
2018.02.21 05:31:57.407,0.78976,0.78987,1.44,1.12
2018.02.21 05:31:58.359,0.78975,0.78987,3.37,2.62
2018.02.21 05:31:58.622,0.78975,0.78985,1.25,1.00
2018.02.21 05:32:00.077,0.78975,0.78984,1.25,1.00
2018.02.21 05:32:00.281,0.78973,0.78984,2.25,1.00
2018.02.21 05:32:00.333,0.78972,0.78982,1.87,1.00
2018.02.21 05:32:02.078,0.78979,0.78985,1.50,1.75
2018.02.21 05:32:02.181,0.78979,0.78988,1.00,1.00
2018.02.21 05:32:02.232,0.78979,0.7899,1.00,1.69
2018.02.21 05:32:05.345,0.78983,0.78991,2.25,1.00
2018.02.21 05:32:05.671,0.78984,0.78994,1.94,1.00
2018.02.21 05:32:06.109,0.78984,0.78995,1.50,1.50
2018.02.21 05:32:08.541,0.78983,0.78993,2.25,1.00
2018.02.21 05:32:09.067,0.78983,0.78993,1.12,1.00
2018.02.21 05:32:13.041,0.78983,0.78993,1.50,1.00
2018.02.21 05:32:17.363,0.78985,0.78995,1.12,2.62
2018.02.21 05:32:18.640,0.78984,0.78995,1.25,1.50
2018.02.21 05:32:21.059,0.78984,0.78995,1.50,2.62
2018.02.21 05:32:23.405,0.78983,0.78993,3.37,1.00
2018.02.21 05:32:26.780,0.78983,0.78993,2.25,1.00
2018.02.21 05:32:27.697,0.78983,0.78993,1.44,1.00
2018.02.21 05:32:28.226,0.78983,0.78993,1.12,1.00
2018.02.21 05:32:39.602,0.78985,0.78995,1.25,1.87
2018.02.21 05:32:39.705,0.78986,0.78997,2.62,1.50
2018.02.21 05:32:40.392,0.78986,0.78996,1.00,1.00
2018.02.21 05:32:40.443,0.78984,0.78994,1.50,1.00
2018.02.21 05:32:41.165,0.78983,0.78994,1.00,3.56
2018.02.21 05:32:41.471,0.78982,0.78991,2.44,1.00
2018.02.21 05:32:43.332,0.78983,0.78993,1.00,1.00
2018.02.21 05:32:45.072,0.78984,0.78993,1.00,1.00
2018.02.21 05:32:45.125,0.78984,0.78995,1.25,1.87
2018.02.21 05:32:45.228,0.78986,0.78996,1.25,3.00
2018.02.21 05:32:45.751,0.78985,0.78996,1.12,2.25
2018.02.21 05:32:46.152,0.78984,0.78994,1.25,1.00
2018.02.21 05:32:48.167,0.78985,0.78994,1.00,1.00
2018.02.21 05:32:48.719,0.78983,0.78994,3.37,1.00
2018.02.21 05:32:51.327,0.78983,0.78994,3.19,1.00
2018.02.21 05:33:09.551,0.78982,0.78994,2.44,2.25
2018.02.21 05:33:11.814,0.78981,0.78992,3.19,1.00
2018.02.21 05:33:12.018,0.78979,0.78991,1.69,2.25
2018.02.21 05:33:13.946,0.78979,0.78991,1.87,2.25
2018.02.21 05:33:14.547,0.78979,0.78991,1.50,3.00
2018.02.21 05:33:16.154,0.78979,0.7899,1.50,1.12
2018.02.21 05:33:17.679,0.78979,0.78991,1.69,3.19
2018.02.21 05:33:17.730,0.78981,0.78991,1.00,1.50
2018.02.21 05:33:19.926,0.78983,0.78991,1.00,1.00
2018.02.21 05:33:20.152,0.7898,0.78991,3.19,1.00
2018.02.21 05:33:20.965,0.78982,0.78991,1.00,1.00
2018.02.21 05:33:21.688,0.7898,0.78991,4.12,1.00
2018.02.21 05:33:22.403,0.7898,0.78992,3.75,3.19
2018.02.21 05:33:23.203,0.78982,0.78992,1.00,1.50
2018.02.21 05:33:23.912,0.7898,0.78992,4.12,3.00
2018.02.21 05:33:25.425,0.7898,0.78991,3.19,1.00
2018.02.21 05:33:25.772,0.78983,0.78991,1.00,1.00
2018.02.21 05:33:26.505,0.78983,0.78992,1.69,1.00
2018.02.21 05:33:27.094,0.78983,0.78994,1.69,3.00
2018.02.21 05:33:30.478,0.78983,0.78993,1.00,1.00
2018.02.21 05:33:31.661,0.78983,0.78992,1.00,1.50
2018.02.21 05:33:31.713,0.7898,0.78992,2.25,4.31
2018.02.21 05:33:32.669,0.7898,0.78991,1.50,1.00
2018.02.21 05:33:33.602,0.7898,0.78992,3.56,2.62
2018.02.21 05:33:34.153,0.7898,0.78991,1.50,1.00
2018.02.21 05:33:34.669,0.7898,0.78992,3.37,2.25
2018.02.21 05:33:35.422,0.7898,0.78992,2.44,3.19
2018.02.21 05:33:36.117,0.7898,0.78991,1.69,1.00
2018.02.21 05:33:36.684,0.78979,0.7899,2.81,1.50
2018.02.21 05:33:37.536,0.78977,0.78988,1.00,1.69
2018.02.21 05:33:37.853,0.78975,0.78985,3.37,1.00
2018.02.21 05:33:37.954,0.78976,0.78987,1.69,1.00
2018.02.21 05:33:38.326,0.78978,0.78988,1.69,1.00
2018.02.21 05:33:39.304,0.78979,0.78988,1.25,1.00
2018.02.21 05:33:40.265,0.78978,0.78988,1.25,1.00
2018.02.21 05:33:40.797,0.78979,0.7899,2.06,1.50
2018.02.21 05:33:40.899,0.78978,0.78988,1.50,1.00
2018.02.21 05:33:41.154,0.78979,0.7899,1.31,1.50
2018.02.21 05:33:41.307,0.78981,0.7899,1.00,2.44
2018.02.21 05:33:42.251,0.78981,0.78989,1.00,1.00
2018.02.21 05:33:43.622,0.78981,0.7899,1.00,3.19
2018.02.21 05:33:44.432,0.78979,0.7899,1.00,1.69
2018.02.21 05:33:46.641,0.78979,0.7899,2.62,1.50
2018.02.21 05:33:47.116,0.78982,0.78992,1.00,1.87
2018.02.21 05:33:47.618,0.78982,0.78993,1.00,3.19
2018.02.21 05:33:48.327,0.78982,0.78992,1.00,2.44
2018.02.21 05:33:49.439,0.78982,0.78991,1.00,1.00
2018.02.21 05:33:51.924,0.78982,0.78992,1.00,1.25
2018.02.21 05:33:53.880,0.78984,0.78993,1.00,1.50
2018.02.21 05:33:53.983,0.78986,0.78996,1.00,2.44
2018.02.21 05:33:54.153,0.78983,0.78994,3.37,1.00
2018.02.21 05:33:55.671,0.78984,0.78995,1.00,1.50
2018.02.21 05:33:56.246,0.78983,0.78994,2.25,1.50
2018.02.21 05:34:00.142,0.78983,0.78992,1.00,1.50
2018.02.21 05:34:00.244,0.7898,0.78991,3.19,1.00
2018.02.21 05:34:00.794,0.78982,0.78991,1.00,1.00
2018.02.21 05:34:02.491,0.7898,0.78991,3.75,1.00
2018.02.21 05:34:04.051,0.7898,0.78991,3.37,1.50
2018.02.21 05:34:07.645,0.7898,0.78991,2.62,1.00
2018.02.21 05:34:09.142,0.78982,0.78992,1.00,1.87
2018.02.21 05:34:10.762,0.78982,0.78991,1.00,1.25
2018.02.21 05:34:10.931,0.7898,0.78991,1.12,1.69
2018.02.21 05:34:14.437,0.78979,0.78991,3.56,1.69
2018.02.21 05:34:14.801,0.78979,0.78989,1.50,1.00
2018.02.21 05:34:15.123,0.78976,0.78986,3.00,1.00
2018.02.21 05:34:15.225,0.78977,0.78988,1.69,1.87
2018.02.21 05:34:15.959,0.78977,0.78988,2.62,1.87
2018.02.21 05:34:17.922,0.78979,0.78989,1.00,1.00
2018.02.21 05:34:18.465,0.7898,0.7899,1.50,1.00
2018.02.21 05:34:21.759,0.7898,0.7899,1.31,1.00
2018.02.21 05:34:23.100,0.78979,0.7899,2.06,1.00
2018.02.21 05:34:33.986,0.78979,0.78989,1.50,1.12
2018.02.21 05:34:34.359,0.78978,0.78987,1.00,1.00
2018.02.21 05:34:36.944,0.78976,0.78987,3.75,1.50
2018.02.21 05:34:38.195,0.78976,0.78987,2.06,2.25
2018.02.21 05:34:38.808,0.78977,0.78987,1.00,1.50
2018.02.21 05:34:44.581,0.78976,0.78987,2.81,1.50
2018.02.21 05:34:45.309,0.78976,0.78986,1.25,1.00
2018.02.21 05:34:46.750,0.78975,0.78986,1.69,1.50
2018.02.21 05:34:49.871,0.78975,0.78985,1.69,1.00
2018.02.21 05:34:50.690,0.78974,0.78984,1.69,1.00
2018.02.21 05:34:51.224,0.78974,0.78983,1.69,1.00
2018.02.21 05:34:51.326,0.78974,0.78985,2.44,1.50
2018.02.21 05:34:52.291,0.78975,0.78985,1.69,1.50
2018.02.21 05:34:58.929,0.78974,0.78985,1.69,1.87
2018.02.21 05:34:59.082,0.78974,0.78983,1.00,1.00
2018.02.21 05:34:59.134,0.78974,0.78985,1.69,1.87
2018.02.21 05:34:59.676,0.78975,0.78985,1.25,1.50
2018.02.21 05:35:03.111,0.78974,0.78984,1.69,1.00
2018.02.21 05:35:06.088,0.78975,0.78984,1.00,1.00
2018.02.21 05:35:07.470,0.78974,0.78984,1.69,1.00
2018.02.21 05:35:10.394,0.78975,0.78985,1.00,1.87
2018.02.21 05:35:20.261,0.78974,0.78984,1.00,1.69
2018.02.21 05:35:20.313,0.78974,0.78982,1.00,1.00
2018.02.21 05:35:20.867,0.78973,0.78982,1.00,1.00
2018.02.21 05:35:21.800,0.78973,0.78983,1.00,1.50
2018.02.21 05:35:25.188,0.78973,0.78983,1.50,1.00
2018.02.21 05:35:28.817,0.78973,0.78984,2.25,1.25
2018.02.21 05:35:29.834,0.78973,0.78984,1.87,1.25
2018.02.21 05:35:30.441,0.78973,0.78985,1.87,4.69
2018.02.21 05:35:33.963,0.78975,0.78985,1.50,3.37
2018.02.21 05:35:34.117,0.78976,0.78987,1.25,1.50
2018.02.21 05:35:36.342,0.78976,0.78987,2.81,1.50
2018.02.21 05:35:36.497,0.7898,0.7899,1.00,1.25
2018.02.21 05:35:37.057,0.7898,0.78991,1.50,3.19
2018.02.21 05:35:37.108,0.78978,0.78988,1.75,1.00
2018.02.21 05:35:37.210,0.78978,0.78988,2.25,1.00
2018.02.21 05:35:40.616,0.78978,0.78988,1.31,1.50
2018.02.21 05:35:41.150,0.78978,0.78988,1.69,1.50
2018.02.21 05:35:45.626,0.78977,0.78987,1.75,1.00
2018.02.21 05:35:45.678,0.78978,0.78989,1.87,2.62
2018.02.21 05:35:45.729,0.7898,0.78989,1.00,1.50
2018.02.21 05:35:51.582,0.78982,0.78991,1.69,1.50
2018.02.21 05:35:52.071,0.78984,0.78993,1.00,1.50
2018.02.21 05:35:52.395,0.78982,0.78991,1.00,1.00
2018.02.21 05:35:54.380,0.78984,0.78991,1.00,1.00
2018.02.21 05:35:54.431,0.78984,0.78993,1.00,1.50
2018.02.21 05:35:58.729,0.78986,0.78994,1.00,1.00
2018.02.21 05:35:59.108,0.78988,0.78995,1.00,1.00
2018.02.21 05:35:59.210,0.78986,0.78995,1.00,1.00
2018.02.21 05:35:59.851,0.78986,0.78994,1.00,1.00
2018.02.21 05:36:00.461,0.78984,0.78993,1.12,1.69
2018.02.21 05:36:00.623,0.78982,0.78991,1.00,1.00
2018.02.21 05:36:01.364,0.78982,0.7899,1.00,1.00
2018.02.21 05:36:02.063,0.78983,0.78991,1.00,1.00
2018.02.21 05:36:02.165,0.78981,0.78991,1.12,1.00
2018.02.21 05:36:03.482,0.78981,0.7899,1.12,1.00
2018.02.21 05:36:09.233,0.78981,0.78987,1.00,1.00
2018.02.21 05:36:09.285,0.78976,0.78986,1.51,1.25
2018.02.21 05:36:09.864,0.78974,0.78985,2.07,1.00
2018.02.21 05:36:10.766,0.78974,0.78984,1.13,1.00
2018.02.21 05:36:11.392,0.78974,0.78983,1.13,1.00
2018.02.21 05:36:12.547,0.78974,0.78984,1.13,1.69
2018.02.21 05:36:16.339,0.78974,0.78984,1.12,1.69
2018.02.21 05:36:16.980,0.78974,0.78984,1.13,1.69
2018.02.21 05:36:18.163,0.78972,0.78983,2.26,2.44
2018.02.21 05:36:18.265,0.7897,0.78981,3.57,1.00
2018.02.21 05:36:21.780,0.7897,0.78981,1.12,3.56
2018.02.21 05:36:21.831,0.7897,0.78981,1.13,3.56
2018.02.21 05:36:22.532,0.7897,0.7898,1.01,1.00
2018.02.21 05:36:22.787,0.78968,0.78978,1.00,1.30
2018.02.21 05:36:24.556,0.78968,0.78977,1.00,1.00
2018.02.21 05:36:25.404,0.78966,0.78977,1.87,1.50
2018.02.21 05:36:28.405,0.78966,0.78977,1.69,1.50
2018.02.21 05:36:31.252,0.78965,0.78975,1.12,1.00
2018.02.21 05:36:31.776,0.78964,0.78976,3.94,1.68
2018.02.21 05:36:32.386,0.78967,0.78976,1.25,1.50
2018.02.21 05:36:32.438,0.78967,0.78978,1.87,1.87
2018.02.21 05:36:36.067,0.78967,0.78976,1.00,1.00
2018.02.21 05:36:36.373,0.78964,0.78972,1.25,1.00
2018.02.21 05:36:36.526,0.78964,0.78974,1.87,1.87
2018.02.21 05:36:37.036,0.78964,0.78974,2.62,1.87
2018.02.21 05:36:37.088,0.78965,0.78976,1.31,2.25
2018.02.21 05:36:39.348,0.78965,0.78974,1.00,1.25
2018.02.21 05:36:39.451,0.78963,0.78973,1.25,1.50
2018.02.21 05:36:40.705,0.78962,0.78973,1.87,1.12
2018.02.21 05:36:41.428,0.78962,0.78972,1.00,1.00
2018.02.21 05:36:42.226,0.78962,0.78973,1.00,1.87
2018.02.21 05:36:43.683,0.78962,0.78972,1.50,1.00
2018.02.21 05:36:43.735,0.7896,0.78971,1.12,3.19
2018.02.21 05:36:43.787,0.7896,0.78969,1.12,1.25
2018.02.21 05:36:45.860,0.78959,0.78968,1.00,1.00
2018.02.21 05:36:47.089,0.78958,0.78968,1.00,1.25
2018.02.21 05:36:47.881,0.78958,0.78968,1.37,3.00
2018.02.21 05:36:48.187,0.78965,0.78974,1.00,1.00
2018.02.21 05:36:48.706,0.78966,0.78975,1.50,1.00
2018.02.21 05:36:52.082,0.78967,0.78975,1.00,1.00
2018.02.21 05:36:52.890,0.78966,0.78975,1.00,1.00
2018.02.21 05:36:53.069,0.78967,0.78977,1.00,2.81
2018.02.21 05:36:53.573,0.78968,0.78977,1.00,1.50
2018.02.21 05:36:54.594,0.78967,0.78977,1.00,2.44
2018.02.21 05:36:58.706,0.78966,0.78977,2.25,3.37
2018.02.21 05:36:59.801,0.78967,0.78977,1.00,2.81
2018.02.21 05:37:00.849,0.78965,0.78975,1.87,1.00
2018.02.21 05:37:01.154,0.78968,0.78977,1.00,2.25
2018.02.21 05:37:02.096,0.78969,0.78977,1.00,1.00
2018.02.21 05:37:07.839,0.78969,0.78978,1.00,1.00
2018.02.21 05:37:08.418,0.7897,0.78979,1.00,1.50
2018.02.21 05:37:11.895,0.7897,0.78977,1.00,1.00
2018.02.21 05:37:12.153,0.78968,0.78977,1.00,1.00
2018.02.21 05:37:13.180,0.78966,0.78975,1.00,1.00
2018.02.21 05:37:17.600,0.78965,0.78975,1.50,1.50
2018.02.21 05:37:18.629,0.78964,0.78972,1.50,1.00
2018.02.21 05:37:19.227,0.78966,0.78972,1.00,1.00
2018.02.21 05:37:19.279,0.78966,0.78974,1.00,1.12
2018.02.21 05:37:20.558,0.78965,0.78974,1.00,1.12
2018.02.21 05:37:20.609,0.78964,0.78972,1.00,1.00
2018.02.21 05:37:22.478,0.78965,0.78972,1.00,1.00
2018.02.21 05:37:23.231,0.78963,0.78972,1.50,1.50
2018.02.21 05:37:24.297,0.78964,0.78972,1.00,1.00
2018.02.21 05:37:25.111,0.78963,0.78972,1.00,1.50
2018.02.21 05:37:27.824,0.78964,0.78972,1.00,1.50
2018.02.21 05:37:28.966,0.78965,0.78972,1.00,1.50
2018.02.21 05:37:29.517,0.78965,0.78973,1.00,1.00
2018.02.21 05:37:29.569,0.78961,0.7897,1.50,1.00
2018.02.21 05:37:29.620,0.78959,0.78968,2.25,1.00
2018.02.21 05:37:29.917,0.78961,0.78972,3.37,1.50
2018.02.21 05:37:30.590,0.78961,0.78972,3.56,1.50
2018.02.21 05:37:30.960,0.78961,0.7897,1.87,1.00
2018.02.21 05:37:35.615,0.78959,0.78961,1.50,1.00
2018.02.21 05:37:35.666,0.78959,0.78966,1.00,1.50
2018.02.21 05:37:35.717,0.78956,0.78966,2.25,1.00
2018.02.21 05:37:36.719,0.78955,0.78965,2.44,1.00
2018.02.21 05:37:38.133,0.78956,0.78966,1.00,1.00
2018.02.21 05:37:39.089,0.78956,0.78967,1.00,3.00
2018.02.21 05:37:46.974,0.78956,0.78966,1.12,1.50
2018.02.21 05:37:48.684,0.78956,0.78967,1.12,1.69
2018.02.21 05:37:48.888,0.78957,0.78967,1.62,1.25
2018.02.21 05:37:49.435,0.78958,0.78968,2.44,1.00
2018.02.21 05:37:50.654,0.78958,0.78969,2.44,1.69
2018.02.21 05:37:51.181,0.78958,0.7897,2.62,3.19
2018.02.21 05:37:52.341,0.7896,0.78971,1.00,3.75
2018.02.21 05:37:57.327,0.7896,0.78969,1.00,1.31
2018.02.21 05:37:57.378,0.78958,0.78969,1.50,2.81
2018.02.21 05:37:57.915,0.78958,0.78967,1.00,2.25
2018.02.21 05:37:58.464,0.78958,0.78967,1.00,2.63
2018.02.21 05:38:00.860,0.78958,0.78967,1.25,1.00
2018.02.21 05:38:01.130,0.78958,0.7897,2.81,3.38
2018.02.21 05:38:03.075,0.78958,0.78968,2.25,1.44
2018.02.21 05:38:04.217,0.78958,0.78969,2.62,2.06
2018.02.21 05:38:06.311,0.7896,0.78969,1.00,1.88
2018.02.21 05:38:06.843,0.78958,0.78969,2.62,1.88
2018.02.21 05:38:07.483,0.78958,0.78965,1.50,1.81
2018.02.21 05:38:07.647,0.78952,0.7896,1.00,2.06
2018.02.21 05:38:07.699,0.7895,0.78959,1.00,3.00
2018.02.21 05:38:08.208,0.78951,0.7896,1.00,1.44
2018.02.21 05:38:08.781,0.78951,0.7896,1.00,1.25
2018.02.21 05:38:12.697,0.78951,0.78959,1.00,1.75
2018.02.21 05:38:12.748,0.78947,0.78958,1.50,2.81
2018.02.21 05:38:15.768,0.78945,0.78955,2.25,1.31
2018.02.21 05:38:16.023,0.78943,0.78953,1.50,1.00
2018.02.21 05:38:16.684,0.78943,0.78952,1.50,1.25
2018.02.21 05:38:17.923,0.78943,0.78954,1.50,2.63
2018.02.21 05:38:18.843,0.78943,0.78954,1.88,1.88
2018.02.21 05:38:19.686,0.78946,0.78956,1.25,2.25
2018.02.21 05:38:20.188,0.78948,0.78957,1.00,1.38
2018.02.21 05:38:20.731,0.78948,0.78957,1.00,1.44
2018.02.21 05:38:21.277,0.78948,0.78958,1.00,1.50
2018.02.21 05:38:22.505,0.78948,0.78958,1.00,1.25
2018.02.21 05:38:27.683,0.78948,0.78959,1.00,1.25
2018.02.21 05:38:28.037,0.78948,0.78958,1.00,1.44
2018.02.21 05:38:28.619,0.78947,0.78957,1.00,1.88
2018.02.21 05:38:32.798,0.78948,0.78958,1.00,1.25
2018.02.21 05:38:34.620,0.78948,0.78959,2.06,1.50
2018.02.21 05:38:34.984,0.78951,0.78962,1.00,1.88
2018.02.21 05:38:39.152,0.78951,0.78962,1.00,1.25
2018.02.21 05:38:39.661,0.78951,0.78961,1.00,1.69
2018.02.21 05:38:41.325,0.7895,0.7896,1.00,1.00
2018.02.21 05:38:41.941,0.78951,0.78961,1.00,1.87
2018.02.21 05:38:42.246,0.78948,0.78956,1.00,1.25
2018.02.21 05:38:42.298,0.78946,0.78956,1.00,1.69
2018.02.21 05:38:42.915,0.78946,0.78956,1.00,1.87
2018.02.21 05:38:43.228,0.78944,0.78954,1.00,1.25
2018.02.21 05:38:43.747,0.78944,0.78955,1.50,2.06
2018.02.21 05:38:45.988,0.78944,0.78954,1.50,1.25
2018.02.21 05:38:46.792,0.78944,0.78953,1.50,1.25
2018.02.21 05:38:47.789,0.78944,0.78954,1.50,1.12
2018.02.21 05:38:49.317,0.78946,0.78955,1.00,1.69
2018.02.21 05:38:49.470,0.78946,0.78956,1.50,1.69
2018.02.21 05:38:49.728,0.78949,0.78957,1.00,1.69
2018.02.21 05:38:50.731,0.78951,0.78958,1.00,1.00
2018.02.21 05:38:50.833,0.78951,0.78961,1.00,2.44
2018.02.21 05:38:52.757,0.78952,0.7896,1.00,1.00
2018.02.21 05:38:52.911,0.78952,0.78962,1.00,1.00
2018.02.21 05:38:52.964,0.78955,0.78964,1.00,3.19
2018.02.21 05:38:53.066,0.78955,0.78965,1.50,1.50
2018.02.21 05:38:58.466,0.78955,0.78966,1.50,2.62
2018.02.21 05:39:00.172,0.78955,0.78965,1.00,1.69
2018.02.21 05:39:00.746,0.78954,0.78964,1.12,1.31
2018.02.21 05:39:02.836,0.78955,0.78965,1.00,1.25
2018.02.21 05:39:03.411,0.78955,0.78964,1.00,1.00
2018.02.21 05:39:06.368,0.78955,0.78965,1.00,1.25
2018.02.21 05:39:07.524,0.78956,0.78965,1.00,1.25
2018.02.21 05:39:10.791,0.78958,0.78965,1.00,1.00
2018.02.21 05:39:10.842,0.78959,0.78968,1.00,1.50
2018.02.21 05:39:10.945,0.7896,0.78969,1.00,1.00
2018.02.21 05:39:11.495,0.7896,0.78968,1.00,1.50
2018.02.21 05:39:11.648,0.78957,0.78966,2.25,1.00
2018.02.21 05:39:12.207,0.78957,0.78967,1.00,1.69
2018.02.21 05:39:12.921,0.78959,0.78968,1.50,1.25
2018.02.21 05:39:13.125,0.78957,0.78967,1.00,1.50
2018.02.21 05:39:13.278,0.78957,0.78965,1.00,1.00
2018.02.21 05:39:13.873,0.78957,0.78964,1.00,1.25
2018.02.21 05:39:14.380,0.78957,0.78965,1.00,1.50
2018.02.21 05:39:15.072,0.78958,0.78966,1.00,1.69
2018.02.21 05:39:15.931,0.78958,0.78967,1.00,1.87
2018.02.21 05:39:17.495,0.78958,0.78965,1.00,1.00
2018.02.21 05:39:17.597,0.78956,0.78965,1.00,1.00
2018.02.21 05:39:18.139,0.78956,0.78966,1.00,1.87
2018.02.21 05:39:23.128,0.78956,0.78964,1.00,1.00
2018.02.21 05:39:23.231,0.78954,0.78964,1.00,1.69
2018.02.21 05:39:23.283,0.78954,0.78962,1.00,1.00
2018.02.21 05:39:23.671,0.78954,0.78964,1.00,2.44
2018.02.21 05:39:27.829,0.78954,0.78964,1.00,1.87
2018.02.21 05:39:27.986,0.78952,0.78961,1.00,1.25
2018.02.21 05:39:28.341,0.7895,0.7896,1.00,1.69
2018.02.21 05:39:29.299,0.7895,0.78959,1.00,1.25
2018.02.21 05:39:30.922,0.7895,0.7896,1.00,2.62
2018.02.21 05:39:31.617,0.78948,0.78956,1.50,1.00
2018.02.21 05:39:31.767,0.78946,0.78955,1.00,1.69
2018.02.21 05:39:31.818,0.78944,0.78955,1.00,2.44
2018.02.21 05:39:32.122,0.78943,0.78952,1.25,1.88
2018.02.21 05:39:32.645,0.78942,0.78952,1.88,1.00
2018.02.21 05:39:33.536,0.78942,0.78953,2.63,1.12
2018.02.21 05:39:33.740,0.78943,0.78955,4.31,1.69
2018.02.21 05:39:33.894,0.78945,0.78956,1.38,3.00
2018.02.21 05:39:34.047,0.78947,0.78958,1.88,1.25
2018.02.21 05:39:34.549,0.78949,0.78959,1.00,1.44
2018.02.21 05:39:35.354,0.78949,0.7896,1.44,3.75
2018.02.21 05:39:35.727,0.78949,0.7896,1.88,2.81
2018.02.21 05:39:36.432,0.7895,0.7896,1.38,1.25
2018.02.21 05:39:36.584,0.78951,0.78962,2.06,1.00
2018.02.21 05:39:36.788,0.78953,0.78963,1.88,1.25
2018.02.21 05:39:37.780,0.78953,0.78965,1.88,3.38
2018.02.21 05:39:38.638,0.78955,0.78965,1.00,2.63
2018.02.21 05:39:39.389,0.78955,0.78965,1.00,2.44
2018.02.21 05:39:42.454,0.78955,0.78963,1.00,1.00
2018.02.21 05:39:43.773,0.78953,0.78963,1.00,2.63
2018.02.21 05:39:43.824,0.78953,0.78962,1.00,1.44
2018.02.21 05:39:56.448,0.78953,0.78963,1.00,3.38
2018.02.21 05:39:57.649,0.78953,0.78964,1.69,1.44
2018.02.21 05:39:58.434,0.78953,0.78965,3.56,3.00
2018.02.21 05:39:59.647,0.78955,0.78963,1.69,1.00
2018.02.21 05:39:59.749,0.78955,0.78966,1.69,2.63
2018.02.21 05:40:00.926,0.78953,0.78963,1.00,1.88
2018.02.21 05:40:01.433,0.78953,0.78963,1.00,2.63
2018.02.21 05:40:03.129,0.78953,0.7896,1.00,1.00
2018.02.21 05:40:03.181,0.78951,0.7896,1.00,1.00
2018.02.21 05:40:04.403,0.78951,0.78959,1.00,1.00
2018.02.21 05:40:04.923,0.78951,0.7896,1.25,1.00
2018.02.21 05:40:06.350,0.78951,0.7896,1.38,1.00
2018.02.21 05:40:06.503,0.78951,0.7896,1.00,1.25
2018.02.21 05:40:09.534,0.78951,0.78962,1.69,3.19
