2014.09.23 01:00:00.644,0.88155,0.8817,1.00,1.27
2014.09.23 01:00:06.121,0.88155,0.8817,1.00,1.27
2014.09.23 01:00:06.171,0.88155,0.8817,1.00,1.20
2014.09.23 01:00:45.238,0.88155,0.88174,1.00,1.47
2014.09.23 01:00:52.290,0.88155,0.88174,1.00,1.47
2014.09.23 01:01:02.907,0.88149,0.88172,1.10,1.20
2014.09.23 01:01:12.146,0.88155,0.88172,1.00,1.20
2014.09.23 01:01:12.515,0.88155,0.8817,1.00,1.00
2014.09.23 01:01:12.953,0.88155,0.88172,1.00,1.10
2014.09.23 01:01:23.916,0.8815,0.88172,1.15,1.00
2014.09.23 01:01:24.032,0.8815,0.88172,1.10,1.00
2014.09.23 01:01:24.503,0.8815,0.88172,1.15,1.00
2014.09.23 01:01:25.126,0.88155,0.88172,1.00,1.00
2014.09.23 01:01:27.458,0.88149,0.88172,1.15,1.00
2014.09.23 01:01:33.117,0.88149,0.8817,1.27,1.20
2014.09.23 01:01:34.366,0.88155,0.8817,1.00,1.20
2014.09.23 01:01:35.776,0.88155,0.88171,1.00,1.20
2014.09.23 01:01:41.417,0.8815,0.88171,1.65,1.20
2014.09.23 01:01:49.956,0.88148,0.88167,1.10,1.20
2014.09.23 01:01:50.259,0.88145,0.88165,1.65,1.20
2014.09.23 01:01:50.567,0.8815,0.88165,1.00,1.20
2014.09.23 01:01:50.891,0.8815,0.88163,1.00,1.20
2014.09.23 01:01:54.105,0.8815,0.88165,1.00,1.20
2014.09.23 01:01:54.852,0.88149,0.88165,1.00,1.20
2014.09.23 01:01:56.305,0.88149,0.88166,1.00,1.20
2014.09.23 01:01:58.345,0.8815,0.88166,1.00,1.20
2014.09.23 01:01:59.715,0.8815,0.88167,1.00,1.20
2014.09.23 01:01:59.825,0.8815,0.88165,1.00,1.20
2014.09.23 01:02:00.445,0.8815,0.88166,1.00,1.20
2014.09.23 01:02:07.965,0.8815,0.88165,1.00,1.20
2014.09.23 01:02:21.860,0.8815,0.88166,1.00,1.20
2014.09.23 01:02:26.306,0.88145,0.88166,1.65,1.20
2014.09.23 01:02:36.901,0.88145,0.88164,1.17,1.20
2014.09.23 01:02:37.782,0.88145,0.88162,1.17,1.20
2014.09.23 01:02:38.385,0.88145,0.88162,1.00,1.20
2014.09.23 01:02:53.755,0.88145,0.8816,1.00,1.20
2014.09.23 01:02:54.008,0.8814,0.88161,1.27,1.20
2014.09.23 01:02:54.059,0.8814,0.88159,1.52,1.20
2014.09.23 01:02:54.210,0.88144,0.88162,1.10,1.20
2014.09.23 01:02:54.261,0.88146,0.88162,1.00,1.20
2014.09.23 01:02:54.765,0.88144,0.88162,1.65,1.20
2014.09.23 01:02:55.068,0.88148,0.88161,1.00,1.20
2014.09.23 01:02:55.169,0.88148,0.88165,1.00,1.20
2014.09.23 01:02:55.370,0.8815,0.88165,1.00,1.20
2014.09.23 01:02:55.421,0.8815,0.88167,1.00,1.20
2014.09.23 01:02:55.472,0.88152,0.88167,1.00,1.20
2014.09.23 01:02:55.522,0.88152,0.88169,1.00,1.20
2014.09.23 01:02:56.068,0.8815,0.88169,1.37,1.20
2014.09.23 01:02:56.915,0.8815,0.88174,1.37,1.80
2014.09.23 01:02:57.016,0.8815,0.88174,1.52,1.65
2014.09.23 01:02:57.268,0.88152,0.88174,1.17,1.20
2014.09.23 01:02:57.491,0.88152,0.88176,1.15,2.02
2014.09.23 01:02:59.029,0.88152,0.88176,1.10,2.17
2014.09.23 01:03:05.220,0.8815,0.88174,1.27,1.00
2014.09.23 01:03:06.782,0.88152,0.88176,1.10,2.17
2014.09.23 01:03:07.292,0.8815,0.88174,1.27,1.65
2014.09.23 01:03:07.393,0.8815,0.88171,1.07,1.20
2014.09.23 01:03:07.444,0.8815,0.88171,1.00,1.30
2014.09.23 01:03:07.545,0.88146,0.8817,2.02,1.00
2014.09.23 01:03:10.919,0.88146,0.8817,1.15,1.00
2014.09.23 01:03:11.020,0.88152,0.88174,1.00,1.42
2014.09.23 01:03:23.070,0.88152,0.88175,1.20,1.27
2014.09.23 01:03:23.581,0.88152,0.88175,1.27,1.20
2014.09.23 01:03:24.141,0.88154,0.88175,1.00,1.20
2014.09.23 01:03:24.806,0.88152,0.88175,1.55,1.20
2014.09.23 01:03:29.344,0.88154,0.88175,1.00,1.20
2014.09.23 01:03:31.413,0.88156,0.88175,1.00,1.20
2014.09.23 01:03:32.061,0.88154,0.88175,1.00,1.20
2014.09.23 01:03:32.614,0.88154,0.88176,1.00,1.30
2014.09.23 01:03:33.154,0.88154,0.88175,1.00,1.20
2014.09.23 01:03:33.805,0.88154,0.88177,1.00,2.17
2014.09.23 01:03:38.030,0.88156,0.88177,1.00,1.80
2014.09.23 01:03:39.839,0.88156,0.88176,1.00,1.42
2014.09.23 01:03:39.890,0.88152,0.88176,1.00,2.92
2014.09.23 01:03:39.940,0.88152,0.88173,1.00,1.35
2014.09.23 01:03:39.991,0.88148,0.88172,1.47,1.17
2014.09.23 01:03:40.502,0.8815,0.8817,1.00,1.20
2014.09.23 01:03:42.324,0.88147,0.8817,1.55,1.20
2014.09.23 01:03:46.854,0.88147,0.88168,1.55,1.20
2014.09.23 01:03:48.394,0.88147,0.88167,1.17,1.20
2014.09.23 01:03:48.960,0.88146,0.88166,1.27,1.20
2014.09.23 01:03:50.176,0.88146,0.88169,1.15,1.20
2014.09.23 01:03:51.497,0.88146,0.88166,1.15,1.27
2014.09.23 01:03:51.548,0.88146,0.88166,1.00,1.27
2014.09.23 01:03:51.681,0.88142,0.88162,1.15,1.20
2014.09.23 01:03:51.782,0.8814,0.88162,2.02,1.20
2014.09.23 01:03:52.227,0.88135,0.88159,2.77,1.00
2014.09.23 01:03:52.429,0.88138,0.88162,1.45,1.00
2014.09.23 01:03:52.530,0.88142,0.88164,1.00,1.65
2014.09.23 01:03:53.603,0.88142,0.88163,1.00,1.20
2014.09.23 01:03:55.079,0.88145,0.88163,1.00,1.20
2014.09.23 01:03:55.130,0.88145,0.88166,1.07,1.72
2014.09.23 01:03:55.384,0.8815,0.88166,1.00,1.20
2014.09.23 01:03:55.435,0.8815,0.8817,1.00,1.57
2014.09.23 01:03:55.951,0.8815,0.8817,1.00,1.00
2014.09.23 01:03:56.938,0.8815,0.88171,1.00,1.30
2014.09.23 01:03:57.442,0.8815,0.88174,1.57,1.17
2014.09.23 01:03:57.744,0.88155,0.88174,1.10,1.00
2014.09.23 01:03:57.845,0.88155,0.88178,1.10,1.17
2014.09.23 01:03:58.388,0.88156,0.8818,1.12,1.80
2014.09.23 01:04:00.957,0.88156,0.8818,1.27,1.10
2014.09.23 01:04:02.257,0.88156,0.8818,1.55,1.10
2014.09.23 01:04:07.473,0.88157,0.88183,1.55,1.20
2014.09.23 01:04:07.625,0.8816,0.88184,1.17,1.75
2014.09.23 01:04:07.676,0.8816,0.88181,1.17,1.20
2014.09.23 01:04:08.334,0.8816,0.88182,1.17,1.00
2014.09.23 01:04:08.998,0.8816,0.88184,1.17,1.55
2014.09.23 01:04:12.489,0.8816,0.88184,1.15,1.12
2014.09.23 01:04:12.984,0.88161,0.88186,1.27,1.35
2014.09.23 01:04:15.622,0.8816,0.88184,1.52,1.00
2014.09.23 01:04:18.949,0.88162,0.88186,1.17,1.95
2014.09.23 01:04:20.418,0.88162,0.88185,1.17,1.65
2014.09.23 01:04:21.020,0.8816,0.88184,1.52,1.00
2014.09.23 01:04:21.676,0.8816,0.88184,1.27,1.07
2014.09.23 01:04:22.206,0.8816,0.88184,1.17,1.27
2014.09.23 01:04:22.514,0.8816,0.88184,1.27,1.00
2014.09.23 01:04:23.053,0.88162,0.88186,1.17,2.10
2014.09.23 01:04:25.629,0.8816,0.88184,1.27,1.00
2014.09.23 01:04:28.946,0.88158,0.88182,1.52,1.00
2014.09.23 01:04:36.400,0.88158,0.88182,1.52,1.00
2014.09.23 01:04:36.451,0.88158,0.88182,1.15,1.12
2014.09.23 01:04:55.350,0.88158,0.88182,1.17,1.20
2014.09.23 01:04:56.015,0.88158,0.88181,1.10,1.37
2014.09.23 01:04:58.442,0.8816,0.88182,1.00,1.15
2014.09.23 01:04:58.552,0.88158,0.88182,1.20,1.15
2014.09.23 01:05:02.007,0.8816,0.8818,1.00,1.30
2014.09.23 01:05:06.535,0.8816,0.88179,1.00,1.20
2014.09.23 01:05:06.837,0.88158,0.88178,1.00,1.30
2014.09.23 01:05:06.888,0.88156,0.88178,1.00,1.30
2014.09.23 01:05:07.190,0.88155,0.88178,1.12,1.27
2014.09.23 01:05:15.543,0.88155,0.88177,1.07,1.27
2014.09.23 01:05:15.744,0.88155,0.88178,1.27,1.10
2014.09.23 01:05:16.047,0.88158,0.88179,1.00,1.37
2014.09.23 01:05:16.117,0.88156,0.88179,1.20,1.37
2014.09.23 01:05:16.226,0.88158,0.88179,1.00,1.37
2014.09.23 01:05:19.618,0.88158,0.88182,1.37,1.80
2014.09.23 01:05:19.719,0.88158,0.88182,1.55,1.00
2014.09.23 01:05:20.261,0.8816,0.88184,1.57,2.85
2014.09.23 01:05:20.931,0.8816,0.88184,1.50,1.95
2014.09.23 01:05:21.296,0.88156,0.8818,1.17,1.20
2014.09.23 01:05:21.397,0.88155,0.88178,1.52,1.00
2014.09.23 01:05:21.654,0.88156,0.8818,1.17,1.20
2014.09.23 01:05:21.755,0.88155,0.88178,1.27,1.00
2014.09.23 01:05:21.856,0.88156,0.8818,1.17,1.20
2014.09.23 01:05:22.212,0.88155,0.88178,1.27,1.00
2014.09.23 01:05:22.313,0.88156,0.8818,1.17,1.20
2014.09.23 01:05:26.266,0.88155,0.88178,1.27,1.00
2014.09.23 01:05:26.367,0.88155,0.88181,2.02,1.55
2014.09.23 01:05:26.897,0.88158,0.88182,1.00,2.02
2014.09.23 01:05:27.783,0.88156,0.8818,1.17,1.20
2014.09.23 01:05:28.360,0.88158,0.88182,1.00,2.02
2014.09.23 01:05:28.900,0.88156,0.8818,1.17,1.20
2014.09.23 01:05:31.110,0.8816,0.8818,1.00,1.20
2014.09.23 01:05:31.362,0.88156,0.8818,1.27,1.72
2014.09.23 01:05:31.463,0.88158,0.88177,1.00,1.20
2014.09.23 01:05:31.587,0.88158,0.88179,1.00,1.20
2014.09.23 01:05:32.657,0.88156,0.88179,1.17,1.20
2014.09.23 01:05:33.169,0.88156,0.88178,1.17,1.20
2014.09.23 01:05:34.587,0.88156,0.88179,1.17,1.20
2014.09.23 01:05:39.185,0.88156,0.88175,1.17,1.20
2014.09.23 01:05:39.286,0.88156,0.88177,1.17,1.20
2014.09.23 01:05:41.049,0.88156,0.88179,1.17,1.27
2014.09.23 01:05:41.590,0.88156,0.88179,1.00,1.20
2014.09.23 01:05:43.669,0.88156,0.88178,1.00,1.20
2014.09.23 01:05:49.416,0.88156,0.88179,1.12,1.20
2014.09.23 01:05:49.466,0.88158,0.88179,1.00,1.20
2014.09.23 01:05:49.769,0.8816,0.88184,1.00,1.27
2014.09.23 01:05:49.873,0.88162,0.88186,1.17,1.95
2014.09.23 01:05:49.924,0.8816,0.88184,2.02,1.00
2014.09.23 01:05:50.025,0.88164,0.88188,1.00,1.52
2014.09.23 01:05:50.774,0.88165,0.8819,1.00,1.72
2014.09.23 01:05:51.289,0.88166,0.8819,1.00,2.17
2014.09.23 01:05:53.084,0.88165,0.88188,1.00,1.15
2014.09.23 01:05:53.649,0.88166,0.8819,1.00,2.17
2014.09.23 01:05:54.380,0.88166,0.8819,1.10,2.92
2014.09.23 01:05:54.497,0.88166,0.88187,1.10,1.20
2014.09.23 01:05:55.830,0.88168,0.88187,1.00,1.20
2014.09.23 01:05:57.189,0.88164,0.88187,1.65,1.20
2014.09.23 01:05:57.290,0.88163,0.88186,1.12,1.35
2014.09.23 01:05:57.592,0.8816,0.8818,1.17,1.00
2014.09.23 01:05:57.794,0.88164,0.88186,1.10,1.20
2014.09.23 01:05:58.046,0.88166,0.88186,1.00,1.20
2014.09.23 01:05:58.264,0.88164,0.88186,1.10,1.20
2014.09.23 01:05:58.365,0.88166,0.88186,1.00,1.20
2014.09.23 01:06:02.207,0.88164,0.88186,1.10,1.20
2014.09.23 01:06:02.564,0.88166,0.88186,1.00,1.20
2014.09.23 01:06:04.487,0.88166,0.88188,1.00,1.37
2014.09.23 01:06:07.883,0.88166,0.8819,1.07,2.02
2014.09.23 01:06:08.387,0.88167,0.8819,1.10,1.55
2014.09.23 01:06:10.396,0.8817,0.88191,1.00,1.72
2014.09.23 01:06:13.349,0.88175,0.88192,1.00,1.52
2014.09.23 01:06:14.520,0.88175,0.88192,1.00,1.35
2014.09.23 01:06:27.200,0.88179,0.88199,1.00,1.52
2014.09.23 01:06:27.251,0.88179,0.882,1.00,1.65
2014.09.23 01:06:27.553,0.88176,0.88199,1.30,1.10
2014.09.23 01:06:27.654,0.88178,0.88202,1.00,1.27
2014.09.23 01:06:27.755,0.88176,0.88199,1.30,1.10
2014.09.23 01:06:27.856,0.88178,0.88202,1.00,1.27
2014.09.23 01:06:31.686,0.88176,0.88199,1.72,1.10
2014.09.23 01:06:31.906,0.8818,0.88203,1.00,2.17
2014.09.23 01:06:32.363,0.88182,0.88203,1.00,2.17
2014.09.23 01:06:32.464,0.88178,0.88201,1.00,1.17
2014.09.23 01:06:32.615,0.8818,0.882,1.00,1.07
2014.09.23 01:06:32.766,0.88175,0.88196,1.50,1.00
2014.09.23 01:06:33.018,0.88177,0.88196,1.20,1.00
2014.09.23 01:06:33.119,0.8818,0.88204,1.00,2.17
2014.09.23 01:06:34.226,0.8818,0.88204,1.57,2.10
2014.09.23 01:06:40.635,0.8818,0.88202,1.20,1.35
2014.09.23 01:06:48.789,0.8818,0.88204,1.65,2.02
2014.09.23 01:06:50.778,0.8818,0.88204,1.65,1.65
2014.09.23 01:06:52.594,0.88184,0.88204,1.00,1.20
2014.09.23 01:06:53.121,0.88182,0.88204,1.17,1.20
2014.09.23 01:06:53.789,0.88182,0.88206,1.17,1.55
2014.09.23 01:06:54.091,0.88187,0.88211,1.00,1.72
2014.09.23 01:06:54.394,0.88186,0.8821,1.27,1.10
2014.09.23 01:06:54.713,0.88186,0.8821,1.07,1.55
2014.09.23 01:06:54.763,0.88186,0.88209,1.00,1.55
2014.09.23 01:06:54.864,0.88186,0.88206,1.00,1.12
2014.09.23 01:06:55.167,0.8818,0.88198,1.00,1.75
2014.09.23 01:06:55.555,0.88176,0.88198,1.00,1.75
2014.09.23 01:06:56.009,0.88184,0.88203,1.00,1.52
2014.09.23 01:06:56.110,0.88182,0.88203,1.12,1.07
2014.09.23 01:06:56.211,0.88182,0.88206,1.00,1.55
2014.09.23 01:06:56.362,0.88184,0.88208,1.00,2.92
2014.09.23 01:06:56.564,0.8818,0.88204,1.57,1.20
2014.09.23 01:06:56.715,0.88184,0.88208,1.00,3.67
2014.09.23 01:06:59.980,0.88186,0.88205,1.00,1.35
2014.09.23 01:07:00.081,0.88184,0.88205,1.00,1.35
2014.09.23 01:07:00.182,0.8818,0.88204,1.57,1.20
2014.09.23 01:07:00.333,0.88184,0.88205,1.00,1.65
2014.09.23 01:07:00.434,0.8818,0.88204,2.32,1.20
2014.09.23 01:07:00.485,0.8818,0.88204,1.57,1.47
2014.09.23 01:07:00.822,0.88184,0.88205,1.00,1.65
2014.09.23 01:07:01.630,0.8818,0.88204,1.57,1.47
2014.09.23 01:07:01.835,0.88184,0.88206,1.00,1.75
2014.09.23 01:07:02.956,0.88184,0.88206,1.00,1.75
2014.09.23 01:07:03.369,0.8818,0.88204,2.32,1.20
2014.09.23 01:07:03.621,0.88184,0.88206,1.00,1.75
2014.09.23 01:07:03.722,0.88182,0.88206,1.00,2.17
2014.09.23 01:07:03.823,0.88184,0.88206,1.00,1.75
2014.09.23 01:07:07.568,0.88184,0.88207,1.00,1.72
2014.09.23 01:07:19.865,0.88182,0.88206,1.00,1.55
2014.09.23 01:07:20.745,0.8818,0.88204,1.57,1.47
2014.09.23 01:07:21.592,0.8818,0.88204,1.57,2.10
2014.09.23 01:07:22.430,0.8818,0.88204,1.50,2.17
2014.09.23 01:07:26.508,0.88182,0.88206,1.00,1.52
2014.09.23 01:07:26.559,0.88182,0.88206,1.00,1.52
2014.09.23 01:07:26.609,0.88184,0.88208,1.00,1.52
2014.09.23 01:07:26.660,0.88184,0.88208,1.10,1.27
2014.09.23 01:07:26.913,0.88187,0.88212,1.00,4.20
2014.09.23 01:07:27.758,0.88187,0.88211,1.00,1.27
2014.09.23 01:07:33.479,0.88187,0.88211,1.00,1.52
2014.09.23 01:07:38.565,0.88186,0.8821,1.00,2.02
2014.09.23 01:07:42.108,0.88186,0.8821,1.10,1.95
2014.09.23 01:07:42.210,0.88188,0.8821,1.00,1.20
2014.09.23 01:07:42.722,0.88188,0.8821,1.00,1.47
2014.09.23 01:07:43.231,0.88188,0.88212,1.00,2.02
2014.09.23 01:07:44.245,0.88188,0.8821,1.00,1.35
2014.09.23 01:07:44.397,0.88186,0.8821,1.00,2.17
2014.09.23 01:07:44.548,0.88186,0.88209,1.00,1.75
2014.09.23 01:07:44.650,0.88184,0.88208,1.00,2.17
2014.09.23 01:07:44.751,0.88182,0.88206,1.10,2.17
2014.09.23 01:07:44.953,0.88178,0.88202,1.27,1.00
2014.09.23 01:07:45.276,0.88184,0.88205,1.00,1.27
2014.09.23 01:07:47.720,0.88182,0.88205,1.10,1.17
2014.09.23 01:07:49.165,0.88184,0.88205,1.00,1.17
2014.09.23 01:07:49.366,0.8818,0.88204,1.52,1.10
2014.09.23 01:07:49.921,0.88184,0.88208,1.00,2.17
2014.09.23 01:07:50.022,0.88182,0.88206,1.10,1.15
2014.09.23 01:07:50.123,0.88184,0.88208,1.00,2.92
2014.09.23 01:07:51.029,0.88182,0.88206,1.10,1.80
2014.09.23 01:07:51.130,0.88184,0.88206,1.12,1.35
2014.09.23 01:07:55.417,0.88186,0.8821,1.00,4.35
2014.09.23 01:08:00.161,0.88183,0.88209,1.37,1.27
2014.09.23 01:08:00.848,0.88183,0.88208,1.12,1.35
2014.09.23 01:08:05.222,0.88183,0.88208,1.00,1.72
2014.09.23 01:08:32.164,0.88182,0.88206,1.10,1.17
2014.09.23 01:08:33.566,0.88184,0.88207,1.00,1.42
2014.09.23 01:08:45.641,0.88184,0.88206,1.00,1.72
2014.09.23 01:08:49.405,0.88183,0.88206,1.00,1.72
2014.09.23 01:08:50.614,0.88179,0.88203,1.15,1.00
2014.09.23 01:08:55.711,0.88177,0.88199,1.27,1.00
2014.09.23 01:08:55.761,0.88176,0.88199,1.15,1.00
2014.09.23 01:08:56.273,0.88174,0.88198,1.87,1.00
2014.09.23 01:08:58.627,0.88172,0.88198,2.02,1.20
2014.09.23 01:09:03.968,0.88173,0.88198,2.70,1.12
2014.09.23 01:09:04.534,0.88172,0.88198,1.52,1.12
2014.09.23 01:09:04.600,0.88172,0.88198,1.52,1.12
2014.09.23 01:09:06.938,0.88175,0.88198,1.17,1.00
2014.09.23 01:09:17.665,0.88173,0.88197,2.32,1.20
2014.09.23 01:09:17.767,0.88172,0.88197,1.15,1.20
2014.09.23 01:09:17.817,0.88171,0.88195,1.15,1.00
2014.09.23 01:09:20.022,0.8817,0.88193,1.15,1.00
2014.09.23 01:09:20.072,0.8817,0.88193,1.15,1.00
2014.09.23 01:09:20.324,0.88177,0.88194,1.00,1.00
2014.09.23 01:09:20.426,0.88177,0.88201,1.00,1.15
2014.09.23 01:09:20.526,0.88177,0.88201,1.65,1.00
2014.09.23 01:09:20.577,0.8818,0.88202,1.15,1.00
2014.09.23 01:09:20.678,0.8818,0.88204,1.15,1.00
2014.09.23 01:09:20.779,0.88182,0.88206,1.00,1.15
2014.09.23 01:09:20.881,0.88182,0.88206,1.15,1.65
2014.09.23 01:09:21.783,0.88184,0.88208,1.17,2.10
2014.09.23 01:09:22.090,0.88186,0.88209,1.27,1.20
2014.09.23 01:09:23.310,0.88188,0.8821,1.10,1.10
2014.09.23 01:09:23.664,0.88188,0.88212,1.15,1.00
2014.09.23 01:09:25.846,0.88188,0.8821,1.15,1.00
2014.09.23 01:09:26.843,0.88188,0.88205,1.15,1.00
2014.09.23 01:09:26.894,0.88188,0.88205,1.10,1.00
2014.09.23 01:09:27.414,0.88188,0.8821,1.10,1.00
2014.09.23 01:09:31.117,0.88189,0.8821,1.00,1.00
2014.09.23 01:09:32.158,0.88189,0.88211,1.00,1.67
2014.09.23 01:09:32.208,0.88186,0.88208,1.00,1.35
2014.09.23 01:09:32.309,0.88183,0.88207,1.15,2.02
2014.09.23 01:09:33.712,0.88181,0.88207,1.15,2.02
2014.09.23 01:09:35.307,0.88182,0.88207,3.22,1.37
2014.09.23 01:09:35.358,0.88182,0.88207,3.22,1.12
2014.09.23 01:09:37.626,0.88184,0.88207,1.15,1.57
2014.09.23 01:09:38.053,0.88182,0.88204,2.32,1.00
2014.09.23 01:09:38.173,0.88183,0.88207,1.15,2.02
2014.09.23 01:09:39.924,0.88183,0.88207,1.65,1.65
2014.09.23 01:09:43.130,0.88186,0.88207,1.00,1.35
2014.09.23 01:09:44.073,0.88184,0.88207,1.17,1.35
2014.09.23 01:09:44.859,0.88186,0.88207,1.00,1.35
2014.09.23 01:09:49.795,0.88184,0.88207,1.17,1.35
2014.09.23 01:09:51.663,0.88182,0.88206,1.15,1.00
2014.09.23 01:09:53.264,0.88182,0.88205,1.15,1.00
2014.09.23 01:09:57.006,0.88182,0.88206,1.15,1.50
2014.09.23 01:09:57.766,0.88184,0.88205,1.17,1.00
2014.09.23 01:09:58.345,0.88186,0.88205,1.00,1.00
2014.09.23 01:09:58.956,0.88186,0.88206,1.00,1.12
2014.09.23 01:09:59.488,0.88185,0.88205,1.10,1.12
2014.09.23 01:10:03.165,0.88184,0.88205,1.10,1.12
2014.09.23 01:10:14.437,0.88186,0.88206,1.00,1.67
2014.09.23 01:10:14.740,0.88186,0.882,1.00,1.00
2014.09.23 01:10:14.790,0.88184,0.882,1.10,1.00
2014.09.23 01:10:15.143,0.88184,0.88204,1.10,1.20
2014.09.23 01:10:15.656,0.88184,0.88206,1.10,1.67
2014.09.23 01:10:17.612,0.88184,0.88206,1.10,1.67
2014.09.23 01:10:19.261,0.88182,0.88205,1.07,1.45
2014.09.23 01:10:19.946,0.88182,0.88205,1.00,1.55
2014.09.23 01:10:24.025,0.88182,0.88205,1.00,1.55
2014.09.23 01:10:24.451,0.88184,0.88205,1.00,1.55
2014.09.23 01:10:28.427,0.88182,0.88205,1.00,1.27
2014.09.23 01:10:32.584,0.88184,0.88205,1.00,1.27
2014.09.23 01:10:33.996,0.88184,0.88208,1.10,1.27
2014.09.23 01:10:34.335,0.88188,0.8821,1.10,1.47
2014.09.23 01:10:34.645,0.8819,0.8821,1.00,1.10
2014.09.23 01:10:35.444,0.88192,0.8821,1.00,1.10
2014.09.23 01:10:35.595,0.8819,0.8821,1.00,1.10
2014.09.23 01:10:35.696,0.88194,0.8821,1.00,1.10
2014.09.23 01:10:36.628,0.88196,0.8821,1.00,1.10
2014.09.23 01:10:36.780,0.88192,0.88211,1.00,1.27
2014.09.23 01:10:36.881,0.88194,0.88208,1.00,1.20
2014.09.23 01:10:37.184,0.88192,0.88205,1.00,1.00
2014.09.23 01:10:37.234,0.8819,0.88205,1.00,1.00
2014.09.23 01:10:37.436,0.88186,0.88205,1.00,1.00
2014.09.23 01:10:37.588,0.88184,0.88208,1.07,1.72
2014.09.23 01:10:37.689,0.88188,0.88209,1.00,1.27
2014.09.23 01:10:37.790,0.88185,0.8821,1.10,1.80
2014.09.23 01:10:37.891,0.88188,0.8821,1.00,1.80
2014.09.23 01:10:37.992,0.88186,0.88208,1.00,1.30
2014.09.23 01:10:38.540,0.88188,0.88208,1.00,1.30
2014.09.23 01:10:39.661,0.88188,0.88207,1.00,1.20
2014.09.23 01:10:40.175,0.88187,0.88207,1.00,1.20
2014.09.23 01:10:44.422,0.88187,0.88207,1.00,1.27
2014.09.23 01:10:44.926,0.88187,0.88205,1.00,1.00
2014.09.23 01:10:47.724,0.88187,0.88205,1.00,1.07
2014.09.23 01:10:57.697,0.88187,0.882,1.00,1.00
2014.09.23 01:10:57.848,0.88187,0.88205,1.00,1.17
2014.09.23 01:11:02.944,0.88184,0.88205,1.00,1.17
2014.09.23 01:11:07.148,0.88182,0.88205,1.12,1.17
2014.09.23 01:11:10.580,0.88184,0.88208,1.00,2.17
2014.09.23 01:11:13.418,0.88182,0.88206,1.12,1.15
2014.09.23 01:11:13.854,0.88184,0.88208,1.00,2.17
2014.09.23 01:11:17.797,0.88184,0.88208,1.00,2.17
2014.09.23 01:11:18.484,0.88184,0.88208,1.00,2.17
2014.09.23 01:11:25.607,0.88182,0.88206,1.07,1.10
2014.09.23 01:11:26.538,0.88182,0.88206,1.07,1.47
2014.09.23 01:11:27.039,0.88184,0.88208,1.00,2.02
2014.09.23 01:11:29.816,0.88186,0.8821,1.00,2.92
2014.09.23 01:11:30.696,0.88186,0.8821,1.47,1.17
2014.09.23 01:11:31.238,0.88188,0.88212,1.00,1.27
2014.09.23 01:11:31.694,0.88186,0.88208,1.10,1.20
2014.09.23 01:11:32.195,0.88186,0.88209,1.10,1.30
2014.09.23 01:11:32.711,0.88187,0.88208,1.00,1.20
2014.09.23 01:11:33.346,0.88186,0.88208,1.10,1.20
2014.09.23 01:11:33.447,0.88188,0.88208,1.00,1.20
2014.09.23 01:11:34.001,0.88188,0.8821,1.00,1.37
2014.09.23 01:11:35.655,0.88186,0.88209,1.47,1.30
2014.09.23 01:11:45.216,0.88186,0.8821,1.47,1.17
2014.09.23 01:11:45.317,0.88188,0.88212,1.27,1.72
2014.09.23 01:11:45.419,0.88186,0.8821,1.52,1.00
2014.09.23 01:11:45.519,0.88188,0.88212,1.27,1.72
2014.09.23 01:11:48.499,0.88188,0.88212,1.52,1.10
2014.09.23 01:11:48.802,0.88194,0.88215,1.00,1.10
2014.09.23 01:11:48.954,0.8819,0.88214,1.52,1.00
2014.09.23 01:11:49.923,0.88192,0.88216,1.10,1.65
2014.09.23 01:11:50.125,0.88192,0.88216,1.15,1.00
2014.09.23 01:11:50.496,0.88192,0.88216,1.10,1.17
2014.09.23 01:11:53.308,0.88189,0.88215,2.92,1.17
2014.09.23 01:11:53.359,0.88189,0.88215,2.92,1.15
2014.09.23 01:11:55.194,0.88192,0.88215,1.00,1.15
2014.09.23 01:11:55.303,0.8819,0.88214,1.10,1.15
2014.09.23 01:11:58.563,0.88188,0.8821,2.92,1.00
2014.09.23 01:11:58.966,0.88188,0.8821,1.00,1.17
2014.09.23 01:11:59.268,0.88184,0.88208,2.10,1.17
2014.09.23 01:11:59.924,0.88182,0.88206,1.87,1.00
2014.09.23 01:12:01.483,0.88184,0.88208,1.10,1.27
2014.09.23 01:12:02.004,0.88185,0.88208,1.20,1.27
2014.09.23 01:12:03.117,0.88184,0.88208,1.72,1.27
2014.09.23 01:12:04.651,0.88184,0.88208,1.10,1.27
2014.09.23 01:12:05.162,0.88183,0.88205,1.50,1.27
2014.09.23 01:12:05.599,0.88183,0.88206,1.20,1.52
2014.09.23 01:12:05.649,0.8818,0.88204,1.17,1.47
2014.09.23 01:12:08.117,0.8818,0.88204,1.17,1.47
2014.09.23 01:12:08.470,0.88182,0.88206,1.80,1.12
2014.09.23 01:12:08.881,0.88182,0.88205,1.65,1.17
2014.09.23 01:12:09.895,0.88184,0.88208,1.00,1.52
2014.09.23 01:12:09.946,0.88182,0.88207,1.20,1.52
2014.09.23 01:12:11.489,0.88184,0.88208,1.10,1.52
2014.09.23 01:12:11.791,0.88184,0.88208,1.15,1.37
2014.09.23 01:12:12.094,0.88186,0.8821,1.15,1.87
2014.09.23 01:12:12.674,0.88186,0.8821,1.15,1.87
2014.09.23 01:12:16.059,0.88186,0.8821,1.15,1.37
2014.09.23 01:12:16.110,0.88186,0.8821,1.00,1.52
2014.09.23 01:12:16.615,0.88186,0.8821,1.00,1.52
2014.09.23 01:12:17.149,0.88186,0.8821,1.00,2.92
2014.09.23 01:12:17.584,0.88184,0.88205,1.80,1.00
2014.09.23 01:12:19.921,0.88184,0.88205,1.00,1.27
2014.09.23 01:12:20.022,0.88182,0.88205,1.00,1.27
2014.09.23 01:12:20.128,0.88182,0.882,1.00,1.00
2014.09.23 01:12:20.229,0.88178,0.88199,1.30,1.12
2014.09.23 01:12:20.588,0.88176,0.88195,1.35,1.00
2014.09.23 01:12:20.884,0.88174,0.88198,1.80,1.12
2014.09.23 01:12:21.303,0.88174,0.88198,1.17,1.55
2014.09.23 01:12:21.405,0.88172,0.88195,1.95,1.00
2014.09.23 01:12:21.607,0.88174,0.88198,1.80,1.27
2014.09.23 01:12:21.657,0.88174,0.88195,1.80,1.00
2014.09.23 01:12:22.065,0.88172,0.88195,1.72,1.20
2014.09.23 01:12:22.166,0.88172,0.88194,1.10,1.57
2014.09.23 01:12:22.683,0.88168,0.88192,1.50,1.00
2014.09.23 01:12:23.192,0.8817,0.88194,1.15,1.37
2014.09.23 01:12:23.700,0.8817,0.88194,1.15,1.00
2014.09.23 01:12:24.260,0.88172,0.88195,1.10,2.10
2014.09.23 01:12:36.456,0.8817,0.88194,1.27,1.00
2014.09.23 01:12:37.115,0.88172,0.88195,1.10,2.10
2014.09.23 01:12:39.558,0.88172,0.88194,1.10,1.20
2014.09.23 01:12:51.353,0.8817,0.88194,1.07,1.72
2014.09.23 01:12:51.992,0.8817,0.88194,1.00,1.80
2014.09.23 01:12:53.823,0.88172,0.88194,1.00,1.37
2014.09.23 01:13:06.571,0.88172,0.88195,1.37,1.15
2014.09.23 01:13:06.622,0.88172,0.88195,1.52,1.00
2014.09.23 01:13:06.673,0.88173,0.88196,3.07,1.00
2014.09.23 01:13:06.723,0.8818,0.882,1.00,1.00
2014.09.23 01:13:06.824,0.88184,0.882,1.00,1.00
2014.09.23 01:13:06.925,0.88182,0.88205,1.00,1.15
2014.09.23 01:13:07.254,0.88182,0.88205,1.72,1.10
2014.09.23 01:13:12.523,0.88182,0.88204,1.30,1.00
2014.09.23 01:13:12.725,0.88182,0.88204,1.20,1.15
2014.09.23 01:13:13.173,0.8818,0.88204,1.65,1.15
2014.09.23 01:13:25.467,0.8818,0.88204,1.72,1.45
2014.09.23 01:13:26.034,0.8818,0.88204,1.80,1.37
2014.09.23 01:13:31.493,0.8818,0.88204,1.80,1.12
2014.09.23 01:13:33.729,0.88181,0.88205,1.17,1.95
2014.09.23 01:13:38.413,0.88181,0.88205,1.52,1.57
2014.09.23 01:13:38.816,0.88184,0.88208,1.17,2.02
2014.09.23 01:13:39.348,0.88182,0.88206,1.80,1.00
2014.09.23 01:13:41.258,0.88182,0.88206,1.80,1.37
2014.09.23 01:13:58.443,0.88182,0.88206,1.80,1.12
2014.09.23 01:13:59.127,0.88182,0.88206,1.80,1.20
2014.09.23 01:14:02.555,0.88182,0.88206,2.17,1.10
2014.09.23 01:14:02.606,0.88183,0.88206,1.65,1.00
2014.09.23 01:14:02.707,0.88184,0.88208,1.27,1.00
2014.09.23 01:14:03.212,0.88185,0.88209,1.80,1.20
2014.09.23 01:14:03.817,0.88186,0.88208,1.35,1.00
2014.09.23 01:14:04.020,0.88186,0.8821,2.10,1.10
2014.09.23 01:14:04.374,0.88184,0.88208,7.27,1.00
2014.09.23 01:14:04.554,0.88186,0.8821,1.15,1.00
2014.09.23 01:14:04.656,0.88186,0.8821,1.17,1.10
2014.09.23 01:14:04.706,0.88184,0.88208,2.92,1.00
2014.09.23 01:14:05.912,0.88184,0.88208,1.17,1.20
2014.09.23 01:14:05.963,0.88184,0.88208,1.10,1.27
2014.09.23 01:14:06.433,0.8818,0.88204,2.77,1.00
2014.09.23 01:14:06.993,0.88182,0.88206,1.15,1.12
2014.09.23 01:14:07.653,0.8818,0.88205,2.02,1.00
2014.09.23 01:14:08.214,0.8818,0.88202,1.15,1.00
2014.09.23 01:14:08.315,0.8818,0.88202,1.17,1.00
2014.09.23 01:14:08.668,0.88176,0.882,1.27,1.00
2014.09.23 01:14:08.970,0.88175,0.88196,1.07,1.12
2014.09.23 01:14:09.021,0.88175,0.88196,1.00,1.12
2014.09.23 01:14:09.071,0.88175,0.88192,1.00,1.00
2014.09.23 01:14:09.173,0.8817,0.88194,2.92,1.00
2014.09.23 01:14:09.324,0.8817,0.88192,1.80,1.00
2014.09.23 01:14:12.460,0.88175,0.88192,1.00,1.00
2014.09.23 01:14:12.611,0.88175,0.88194,1.00,1.12
2014.09.23 01:14:16.082,0.88174,0.88194,1.30,1.00
2014.09.23 01:14:16.557,0.88175,0.88198,1.00,2.02
2014.09.23 01:14:17.575,0.88175,0.88194,1.00,1.00
2014.09.23 01:14:18.289,0.88173,0.88194,1.37,1.00
2014.09.23 01:14:19.563,0.88171,0.88194,1.30,1.10
2014.09.23 01:14:24.540,0.88172,0.88194,1.20,1.10
2014.09.23 01:14:25.052,0.8817,0.88194,2.92,1.10
2014.09.23 01:14:27.812,0.8817,0.88194,2.92,1.10
2014.09.23 01:14:28.115,0.88175,0.88194,1.00,1.10
2014.09.23 01:14:28.411,0.88172,0.88194,1.20,1.10
2014.09.23 01:14:29.081,0.88175,0.88194,1.00,1.10
2014.09.23 01:14:29.283,0.88172,0.88194,1.20,1.10
2014.09.23 01:14:29.384,0.88174,0.88194,1.00,1.10
2014.09.23 01:14:30.175,0.88172,0.88194,1.20,1.10
2014.09.23 01:14:30.894,0.88176,0.88194,1.20,1.10
2014.09.23 01:14:30.994,0.88176,0.88198,1.27,1.07
2014.09.23 01:14:31.318,0.88177,0.882,1.42,1.10
2014.09.23 01:14:31.470,0.88181,0.88202,1.20,1.00
2014.09.23 01:14:31.521,0.88181,0.88204,1.20,1.20
2014.09.23 01:14:31.677,0.88181,0.88204,1.37,1.00
2014.09.23 01:14:36.096,0.8818,0.88203,1.65,1.00
2014.09.23 01:14:41.682,0.88184,0.88203,1.00,1.00
2014.09.23 01:14:45.542,0.8818,0.88203,1.65,1.00
2014.09.23 01:14:50.417,0.8818,0.88203,1.50,1.17
2014.09.23 01:14:55.101,0.88178,0.88202,1.17,1.10
2014.09.23 01:15:01.272,0.88178,0.88201,1.17,1.57
2014.09.23 01:15:02.750,0.88176,0.882,1.10,1.27
2014.09.23 01:15:06.873,0.88176,0.88198,1.10,1.20
2014.09.23 01:15:08.401,0.88176,0.882,1.10,2.92
2014.09.23 01:15:12.187,0.88176,0.882,1.10,3.67
2014.09.23 01:15:12.746,0.88176,0.882,1.10,3.67
2014.09.23 01:15:27.467,0.88176,0.88197,1.10,1.20
2014.09.23 01:15:27.619,0.88172,0.88196,1.15,1.12
2014.09.23 01:15:28.262,0.88172,0.88195,1.15,1.65
2014.09.23 01:15:28.421,0.88172,0.88193,1.15,1.20
2014.09.23 01:15:29.224,0.88172,0.88195,1.15,1.00
2014.09.23 01:15:29.677,0.88173,0.88195,1.00,1.15
2014.09.23 01:15:30.840,0.8817,0.88194,1.57,1.27
2014.09.23 01:15:30.991,0.8817,0.88194,1.50,1.27
2014.09.23 01:15:32.363,0.88172,0.88195,1.00,1.72
2014.09.23 01:15:32.465,0.8817,0.88194,1.50,1.27
2014.09.23 01:15:32.922,0.88168,0.88192,1.35,1.15
2014.09.23 01:15:33.024,0.8817,0.88193,1.00,1.35
2014.09.23 01:15:33.321,0.88168,0.88192,1.35,1.15
2014.09.23 01:15:34.900,0.88168,0.8819,1.00,1.27
2014.09.23 01:15:35.002,0.88165,0.8819,1.00,2.02
2014.09.23 01:15:35.524,0.88165,0.88186,1.00,1.00
2014.09.23 01:15:41.552,0.88162,0.88186,1.75,1.00
2014.09.23 01:15:42.125,0.88165,0.88186,1.00,1.00
2014.09.23 01:15:42.644,0.88163,0.88186,1.65,1.00
2014.09.23 01:15:51.401,0.88162,0.88186,1.60,1.27
2014.09.23 01:16:01.908,0.88165,0.88184,1.00,1.10
2014.09.23 01:16:01.959,0.88165,0.88186,1.20,1.00
2014.09.23 01:16:02.060,0.88166,0.88189,1.00,1.17
2014.09.23 01:16:02.561,0.88165,0.88188,1.10,1.10
2014.09.23 01:16:08.148,0.88165,0.88188,1.00,1.15
2014.09.23 01:16:14.682,0.88165,0.88188,1.00,1.00
2014.09.23 01:16:17.164,0.88165,0.88188,1.00,1.37
2014.09.23 01:16:17.711,0.88165,0.88186,1.00,1.00
2014.09.23 01:16:20.140,0.88165,0.88186,1.00,1.07
2014.09.23 01:16:20.749,0.88165,0.88186,1.00,1.15
2014.09.23 01:16:25.195,0.88165,0.88186,1.10,1.00
2014.09.23 01:16:28.080,0.88162,0.88185,1.87,1.00
2014.09.23 01:16:31.951,0.88162,0.88184,1.12,1.00
2014.09.23 01:16:32.487,0.88162,0.88185,1.87,1.00
2014.09.23 01:16:33.295,0.88162,0.88184,1.12,1.00
2014.09.23 01:16:46.221,0.88161,0.88184,1.95,1.00
2014.09.23 01:16:47.153,0.8816,0.88182,1.87,1.00
2014.09.23 01:16:48.136,0.88161,0.88184,1.12,1.00
2014.09.23 01:16:53.979,0.88162,0.88185,1.50,1.65
2014.09.23 01:16:54.524,0.88164,0.88186,1.00,1.10
2014.09.23 01:16:54.951,0.88162,0.88185,1.50,2.02
2014.09.23 01:16:55.052,0.88159,0.88182,1.05,1.00
2014.09.23 01:16:55.203,0.88158,0.88182,1.72,1.15
2014.09.23 01:16:55.961,0.88154,0.88178,2.55,1.00
2014.09.23 01:16:56.062,0.88156,0.8818,1.15,1.10
2014.09.23 01:16:58.413,0.88156,0.8818,1.00,2.02
2014.09.23 01:16:58.463,0.88154,0.88178,2.10,1.17
2014.09.23 01:16:59.481,0.88152,0.88176,1.27,1.00
2014.09.23 01:17:00.126,0.8815,0.88173,1.27,1.00
2014.09.23 01:17:04.640,0.8815,0.88173,1.00,1.15
2014.09.23 01:17:05.044,0.88151,0.88174,1.37,1.00
2014.09.23 01:17:05.626,0.88152,0.88175,1.10,1.20
2014.09.23 01:17:05.831,0.88151,0.88172,1.37,1.00
2014.09.23 01:17:06.032,0.8815,0.88174,3.52,1.00
2014.09.23 01:17:11.243,0.8815,0.88174,1.57,2.02
2014.09.23 01:17:19.883,0.8815,0.88174,1.95,1.15
2014.09.23 01:17:19.934,0.88151,0.88177,1.52,1.17
2014.09.23 01:17:23.338,0.88151,0.88177,1.95,1.15
2014.09.23 01:17:23.522,0.88151,0.88175,1.00,1.27
2014.09.23 01:17:24.054,0.8815,0.88174,1.57,1.65
2014.09.23 01:17:32.652,0.88149,0.8817,1.17,1.00
2014.09.23 01:17:34.920,0.88148,0.8817,1.00,1.10
2014.09.23 01:17:35.421,0.88146,0.8817,1.55,1.57
2014.09.23 01:17:45.457,0.88148,0.88172,1.00,1.15
2014.09.23 01:17:46.986,0.88145,0.8817,2.17,1.10
2014.09.23 01:17:48.668,0.8815,0.88173,1.00,2.17
2014.09.23 01:17:55.275,0.8815,0.88173,1.00,2.17
2014.09.23 01:18:02.831,0.88148,0.88172,1.00,1.15
2014.09.23 01:18:03.628,0.8815,0.88173,1.00,2.17
2014.09.23 01:18:09.239,0.88148,0.88172,1.00,1.15
2014.09.23 01:18:10.339,0.8815,0.88173,1.00,2.17
2014.09.23 01:18:11.610,0.88148,0.8817,1.00,1.17
2014.09.23 01:18:16.211,0.88148,0.8817,1.10,1.00
2014.09.23 01:18:18.518,0.88148,0.88172,1.10,1.27
2014.09.23 01:18:25.447,0.8815,0.88172,1.00,1.17
2014.09.23 01:18:26.556,0.88148,0.88172,1.10,2.17
2014.09.23 01:18:26.607,0.88148,0.88172,1.10,2.17
2014.09.23 01:18:26.910,0.88146,0.88168,1.10,1.30
2014.09.23 01:18:27.464,0.88146,0.88167,1.10,1.20
2014.09.23 01:18:27.717,0.88144,0.88166,1.00,1.30
2014.09.23 01:18:27.767,0.88144,0.88164,1.00,1.20
2014.09.23 01:18:28.070,0.88142,0.88164,1.00,1.35
2014.09.23 01:18:28.121,0.88139,0.88162,1.17,1.30
2014.09.23 01:18:29.869,0.88142,0.88162,1.00,1.30
2014.09.23 01:18:31.525,0.8814,0.88162,1.10,1.30
2014.09.23 01:18:32.421,0.88144,0.88167,1.00,1.15
2014.09.23 01:18:32.471,0.88144,0.88167,1.00,1.15
2014.09.23 01:18:32.774,0.88145,0.88168,1.10,1.57
2014.09.23 01:18:33.947,0.88149,0.88169,1.00,1.17
2014.09.23 01:18:34.099,0.88146,0.88169,1.00,1.17
2014.09.23 01:18:34.631,0.88145,0.88168,1.10,1.10
2014.09.23 01:18:36.266,0.88142,0.88166,1.15,1.00
2014.09.23 01:18:36.318,0.88142,0.88166,1.10,1.15
2014.09.23 01:18:39.567,0.88139,0.8816,1.27,1.00
2014.09.23 01:18:39.897,0.8814,0.88164,1.15,1.10
2014.09.23 01:18:39.989,0.88139,0.8816,1.27,1.00
2014.09.23 01:18:40.342,0.88138,0.8816,1.55,1.00
2014.09.23 01:18:40.444,0.88138,0.88155,1.17,1.00
2014.09.23 01:18:40.651,0.88135,0.88158,2.02,1.00
2014.09.23 01:18:41.678,0.88137,0.8816,1.52,1.00
2014.09.23 01:18:43.179,0.88136,0.8816,2.02,1.00
2014.09.23 01:18:43.280,0.88138,0.88162,1.55,1.10
2014.09.23 01:18:43.431,0.88137,0.8816,1.72,1.00
2014.09.23 01:18:43.734,0.88141,0.88164,1.27,1.00
2014.09.23 01:18:43.885,0.88139,0.88162,2.17,1.00
2014.09.23 01:18:44.398,0.88138,0.88162,2.10,1.17
2014.09.23 01:18:44.701,0.88141,0.88161,1.72,1.00
2014.09.23 01:18:44.852,0.88141,0.88165,1.72,1.00
2014.09.23 01:18:45.383,0.88141,0.88165,1.72,1.00
2014.09.23 01:18:45.891,0.88141,0.88165,1.72,1.00
2014.09.23 01:18:49.533,0.8814,0.88165,2.92,1.00
2014.09.23 01:18:49.735,0.8814,0.88164,1.57,1.20
2014.09.23 01:18:49.786,0.8814,0.88161,1.10,1.00
2014.09.23 01:18:52.040,0.88136,0.88161,1.42,1.27
2014.09.23 01:18:52.578,0.88135,0.88158,2.02,1.00
2014.09.23 01:18:53.003,0.88135,0.88156,1.27,1.00
2014.09.23 01:18:53.306,0.88135,0.88154,1.52,1.00
2014.09.23 01:18:53.630,0.88135,0.88156,1.52,1.00
2014.09.23 01:18:53.895,0.88134,0.88158,2.02,1.00
2014.09.23 01:18:54.734,0.88134,0.88156,1.52,1.00
2014.09.23 01:18:55.088,0.88135,0.88154,1.15,1.00
2014.09.23 01:18:55.291,0.88135,0.88157,1.52,1.00
2014.09.23 01:18:55.393,0.88135,0.88154,1.27,1.00
2014.09.23 01:18:56.653,0.88135,0.88154,1.27,1.00
2014.09.23 01:18:57.188,0.88135,0.88154,1.27,1.00
2014.09.23 01:18:57.394,0.88135,0.88158,1.52,1.00
2014.09.23 01:18:57.495,0.88136,0.8816,1.52,1.00
2014.09.23 01:18:57.597,0.8814,0.88163,1.00,1.17
2014.09.23 01:18:57.900,0.8814,0.88164,1.27,1.50
2014.09.23 01:18:58.163,0.88144,0.88167,1.00,2.17
2014.09.23 01:18:58.708,0.88144,0.88166,1.07,1.00
2014.09.23 01:18:59.242,0.88146,0.88167,1.00,1.20
2014.09.23 01:18:59.785,0.88144,0.88167,1.07,2.02
2014.09.23 01:19:00.315,0.88144,0.88166,1.07,1.65
2014.09.23 01:19:02.537,0.88144,0.88167,1.07,1.65
2014.09.23 01:19:03.075,0.88146,0.88168,1.00,1.30
2014.09.23 01:19:03.615,0.88146,0.88167,1.00,1.20
2014.09.23 01:19:04.276,0.88146,0.88168,1.00,1.30
2014.09.23 01:19:04.778,0.88144,0.88168,1.20,1.72
2014.09.23 01:19:06.519,0.88146,0.88168,1.00,1.30
2014.09.23 01:19:07.146,0.88146,0.88167,1.00,1.20
2014.09.23 01:19:07.450,0.88142,0.88166,1.00,2.17
2014.09.23 01:19:07.602,0.8814,0.88162,1.17,1.20
2014.09.23 01:19:08.115,0.8814,0.88162,1.00,1.37
2014.09.23 01:19:08.216,0.88138,0.88162,1.10,1.80
2014.09.23 01:19:09.710,0.8814,0.88162,1.00,1.37
2014.09.23 01:19:09.861,0.88138,0.88162,1.20,1.80
2014.09.23 01:19:10.495,0.8814,0.88162,1.00,1.37
2014.09.23 01:19:11.210,0.8814,0.88162,1.07,1.20
2014.09.23 01:19:11.749,0.8814,0.88161,1.00,1.30
2014.09.23 01:19:11.800,0.88137,0.88161,1.20,1.30
2014.09.23 01:19:16.807,0.88137,0.8816,1.07,1.20
2014.09.23 01:19:18.170,0.88137,0.8816,1.07,1.27
2014.09.23 01:19:18.473,0.88128,0.88152,3.45,1.00
2014.09.23 01:19:18.523,0.8813,0.88154,1.52,1.00
2014.09.23 01:19:18.884,0.88133,0.88157,1.55,1.17
2014.09.23 01:19:19.108,0.88136,0.88159,1.00,1.15
2014.09.23 01:19:19.361,0.88136,0.8816,1.10,2.02
2014.09.23 01:19:20.306,0.88134,0.88158,1.52,1.00
2014.09.23 01:19:21.259,0.88136,0.88159,1.10,1.10
2014.09.23 01:19:21.612,0.88138,0.8816,1.00,1.27
2014.09.23 01:19:21.915,0.88138,0.88161,1.15,1.12
2014.09.23 01:19:28.467,0.88138,0.88161,1.15,1.37
2014.09.23 01:19:28.619,0.88136,0.8816,1.10,2.02
2014.09.23 01:19:28.670,0.88134,0.88158,1.15,1.37
2014.09.23 01:19:29.183,0.88132,0.88156,1.27,1.00
2014.09.23 01:19:30.621,0.88134,0.88158,1.27,1.50
2014.09.23 01:19:31.309,0.88136,0.88159,1.10,1.10
2014.09.23 01:19:31.511,0.88138,0.88159,1.17,1.00
2014.09.23 01:19:31.662,0.88138,0.88162,1.17,2.02
2014.09.23 01:19:41.923,0.88138,0.88162,2.17,1.65
2014.09.23 01:19:42.074,0.8814,0.88163,1.27,1.00
2014.09.23 01:19:42.125,0.88143,0.88163,1.20,1.00
2014.09.23 01:19:42.478,0.88145,0.88164,1.20,1.10
2014.09.23 01:19:42.579,0.88145,0.88168,1.20,1.17
2014.09.23 01:19:43.943,0.88145,0.88169,1.35,1.00
2014.09.23 01:19:44.456,0.88146,0.8817,1.17,1.10
2014.09.23 01:19:45.238,0.88146,0.8817,1.15,1.10
2014.09.23 01:19:45.749,0.88148,0.88172,1.15,1.37
2014.09.23 01:19:46.057,0.88148,0.88172,3.07,1.37
2014.09.23 01:19:46.633,0.88148,0.88172,3.07,1.87
2014.09.23 01:19:46.785,0.88148,0.88172,1.15,1.87
2014.09.23 01:19:47.305,0.88146,0.88171,1.42,1.00
2014.09.23 01:19:47.843,0.88146,0.8817,2.17,1.00
2014.09.23 01:19:50.998,0.88152,0.88174,1.00,1.20
2014.09.23 01:19:51.532,0.88151,0.88174,1.30,1.10
2014.09.23 01:19:53.075,0.88151,0.88174,1.72,1.00
2014.09.23 01:19:53.176,0.88154,0.88177,1.00,1.00
2014.09.23 01:19:53.745,0.88154,0.88178,1.65,2.02
2014.09.23 01:19:54.349,0.88155,0.88178,1.20,1.65
2014.09.23 01:19:54.853,0.88156,0.88178,1.30,1.00
2014.09.23 01:19:54.954,0.88156,0.8818,1.72,2.62
2014.09.23 01:19:55.374,0.88156,0.88178,1.30,1.00
2014.09.23 01:20:02.332,0.88156,0.88178,1.20,1.45
2014.09.23 01:20:02.484,0.88154,0.88175,1.72,1.00
2014.09.23 01:20:03.003,0.88154,0.88175,1.30,1.37
2014.09.23 01:20:07.716,0.88152,0.88175,1.72,1.45
2014.09.23 01:20:07.918,0.8815,0.88174,1.10,1.45
2014.09.23 01:20:12.233,0.8815,0.88173,1.07,1.20
2014.09.23 01:20:12.830,0.8815,0.88174,1.17,1.95
2014.09.23 01:20:15.258,0.8815,0.88174,1.10,1.45
2014.09.23 01:20:15.309,0.88148,0.88172,1.65,1.52
2014.09.23 01:20:15.715,0.88148,0.88168,1.20,1.00
2014.09.23 01:20:15.819,0.88148,0.88173,1.20,1.52
2014.09.23 01:20:16.987,0.88148,0.8817,1.20,1.00
2014.09.23 01:20:18.242,0.88148,0.88169,1.20,1.00
2014.09.23 01:20:18.802,0.88148,0.8817,1.65,1.00
2014.09.23 01:20:19.308,0.88148,0.88172,1.65,1.27
2014.09.23 01:20:21.057,0.88148,0.8817,1.65,1.00
2014.09.23 01:20:23.487,0.88148,0.8817,1.20,1.87
2014.09.23 01:20:24.229,0.88148,0.8817,1.20,1.87
2014.09.23 01:20:25.201,0.88147,0.8817,1.05,1.87
2014.09.23 01:20:26.380,0.88148,0.8817,1.00,1.00
2014.09.23 01:20:28.103,0.88148,0.8817,1.00,1.37
2014.09.23 01:20:28.406,0.88146,0.8817,1.65,1.65
2014.09.23 01:20:28.507,0.88149,0.8817,1.20,1.00
2014.09.23 01:20:28.828,0.88151,0.8817,1.20,1.00
2014.09.23 01:20:29.798,0.8815,0.8817,1.20,1.00
2014.09.23 01:20:30.459,0.88149,0.8817,1.20,1.37
2014.09.23 01:20:31.032,0.88148,0.8817,1.10,1.37
2014.09.23 01:20:31.133,0.88146,0.88168,1.20,1.55
2014.09.23 01:20:31.689,0.88147,0.88168,1.20,1.55
2014.09.23 01:20:32.389,0.88147,0.88165,1.20,1.00
2014.09.23 01:20:33.079,0.88146,0.88165,1.20,1.00
2014.09.23 01:20:33.847,0.88145,0.88165,1.20,1.00
2014.09.23 01:20:34.436,0.88146,0.88165,1.00,1.00
2014.09.23 01:20:34.944,0.88145,0.88165,1.20,1.00
2014.09.23 01:20:37.417,0.88144,0.88165,1.10,1.00
2014.09.23 01:20:37.820,0.88144,0.88168,1.10,1.55
2014.09.23 01:20:37.921,0.88144,0.88168,1.00,1.52
2014.09.23 01:20:45.472,0.88144,0.88168,1.10,1.27
2014.09.23 01:20:46.156,0.88144,0.88165,1.72,1.00
2014.09.23 01:20:48.269,0.88144,0.88165,1.07,1.00
2014.09.23 01:20:48.471,0.88144,0.88165,1.10,1.00
2014.09.23 01:20:52.498,0.88144,0.88165,1.65,1.07
2014.09.23 01:20:53.813,0.88143,0.88165,1.20,1.65
2014.09.23 01:20:54.332,0.88144,0.88165,1.00,1.17
2014.09.23 01:20:56.849,0.88143,0.88165,1.20,1.17
2014.09.23 01:20:57.880,0.88144,0.88165,1.00,1.17
2014.09.23 01:21:00.176,0.88143,0.88165,1.20,1.17
2014.09.23 01:21:01.510,0.88143,0.88162,1.20,1.00
2014.09.23 01:21:02.126,0.88142,0.88162,1.30,1.00
2014.09.23 01:21:02.487,0.88143,0.88164,1.20,1.20
2014.09.23 01:21:03.657,0.88142,0.88165,1.10,1.55
2014.09.23 01:21:04.117,0.88145,0.88165,1.20,1.55
2014.09.23 01:21:04.420,0.88144,0.88165,1.20,1.55
2014.09.23 01:21:05.455,0.88145,0.88165,1.20,1.52
2014.09.23 01:21:05.968,0.88143,0.88164,1.20,1.15
2014.09.23 01:21:06.537,0.88144,0.88165,1.20,1.27
2014.09.23 01:21:07.044,0.88143,0.88165,1.20,1.52
2014.09.23 01:21:07.565,0.88143,0.88165,1.20,1.27
2014.09.23 01:21:07.666,0.88142,0.88165,1.65,1.52
2014.09.23 01:21:08.167,0.88141,0.88164,1.20,1.27
2014.09.23 01:21:09.075,0.88141,0.88165,1.00,1.52
2014.09.23 01:21:09.594,0.88141,0.88164,1.20,1.27
2014.09.23 01:21:10.417,0.8814,0.88164,1.65,1.27
2014.09.23 01:21:10.918,0.88141,0.8816,1.20,1.00
2014.09.23 01:21:15.003,0.88142,0.8816,1.00,1.00
2014.09.23 01:21:15.574,0.88141,0.8816,1.20,1.00
2014.09.23 01:21:16.018,0.88143,0.88164,1.20,1.52
2014.09.23 01:21:19.272,0.88143,0.88165,1.20,1.55
2014.09.23 01:21:19.776,0.88144,0.88164,1.20,1.20
2014.09.23 01:21:21.290,0.88145,0.88165,1.20,1.55
2014.09.23 01:21:26.102,0.88147,0.88166,1.20,1.57
2014.09.23 01:21:26.153,0.88147,0.88166,1.20,1.50
2014.09.23 01:21:26.304,0.88148,0.88168,1.20,1.12
2014.09.23 01:21:26.671,0.88151,0.8817,1.20,1.27
2014.09.23 01:21:27.967,0.8815,0.8817,1.20,1.27
2014.09.23 01:21:28.572,0.8815,0.8817,1.20,1.12
2014.09.23 01:21:29.075,0.8815,0.88172,1.20,1.47
2014.09.23 01:21:29.884,0.88153,0.88172,1.20,1.47
2014.09.23 01:21:30.388,0.88153,0.88172,1.20,1.10
2014.09.23 01:21:33.596,0.88154,0.88172,1.20,1.20
2014.09.23 01:21:34.466,0.88152,0.88172,1.20,1.20
2014.09.23 01:21:49.592,0.88152,0.88172,1.20,1.45
2014.09.23 01:21:49.642,0.8815,0.8817,1.20,1.20
2014.09.23 01:21:49.693,0.8815,0.8817,1.20,1.47
2014.09.23 01:21:49.996,0.88144,0.88169,1.35,1.37
2014.09.23 01:21:50.767,0.88144,0.88164,1.35,1.00
2014.09.23 01:21:50.868,0.88144,0.88166,1.35,1.12
2014.09.23 01:21:52.790,0.88142,0.88166,1.15,1.12
2014.09.23 01:21:52.841,0.88142,0.88166,1.15,1.12
2014.09.23 01:22:06.375,0.88142,0.88166,1.15,2.02
2014.09.23 01:22:13.238,0.88142,0.88166,1.80,1.47
2014.09.23 01:22:17.148,0.88142,0.88164,1.37,1.00
2014.09.23 01:22:17.658,0.88142,0.88166,1.80,1.47
2014.09.23 01:22:20.395,0.88142,0.88166,1.80,1.47
2014.09.23 01:22:20.697,0.88142,0.88165,1.00,1.52
2014.09.23 01:22:20.798,0.88138,0.88162,1.80,1.37
2014.09.23 01:22:20.950,0.88138,0.88162,1.00,2.17
2014.09.23 01:22:21.252,0.88135,0.88158,1.35,1.00
2014.09.23 01:22:23.964,0.88134,0.88157,1.27,1.20
2014.09.23 01:22:24.268,0.88134,0.88155,1.27,1.00
2014.09.23 01:22:25.465,0.88134,0.88157,1.15,1.20
2014.09.23 01:22:25.575,0.88134,0.88155,1.15,1.00
2014.09.23 01:22:25.777,0.88134,0.88155,1.07,1.00
2014.09.23 01:22:26.575,0.88134,0.88157,1.07,1.30
2014.09.23 01:22:26.795,0.88134,0.88155,1.07,1.00
2014.09.23 01:22:27.163,0.88134,0.88157,1.07,1.35
2014.09.23 01:22:27.264,0.88134,0.88155,1.07,1.00
2014.09.23 01:22:30.016,0.88132,0.88156,1.15,1.00
2014.09.23 01:22:30.369,0.88132,0.88156,1.10,1.27
2014.09.23 01:22:45.136,0.88131,0.88152,1.37,1.00
2014.09.23 01:22:45.237,0.88132,0.88155,1.10,1.10
2014.09.23 01:22:51.215,0.88132,0.88155,1.17,1.00
2014.09.23 01:22:52.348,0.88134,0.88155,1.00,1.00
2014.09.23 01:22:52.499,0.88132,0.88155,1.15,1.00
2014.09.23 01:22:52.811,0.88132,0.88153,1.15,1.20
2014.09.23 01:22:56.223,0.88132,0.88155,1.15,1.00
2014.09.23 01:22:57.627,0.88131,0.88152,1.42,1.00
2014.09.23 01:22:57.779,0.88132,0.88155,1.15,1.00
2014.09.23 01:22:58.371,0.88132,0.88156,1.15,1.00
2014.09.23 01:22:58.522,0.88132,0.88155,1.17,1.65
2014.09.23 01:22:59.143,0.8813,0.88154,1.27,1.00
2014.09.23 01:23:09.835,0.8813,0.88154,1.80,1.37
2014.09.23 01:23:10.660,0.8813,0.88154,2.17,1.00
2014.09.23 01:23:11.433,0.88132,0.88155,1.00,1.27
2014.09.23 01:23:18.762,0.8813,0.88154,1.72,1.87
2014.09.23 01:23:19.015,0.88132,0.88154,1.00,1.12
2014.09.23 01:23:20.507,0.8813,0.88154,1.72,1.87
2014.09.23 01:23:21.637,0.88132,0.88153,1.00,1.10
2014.09.23 01:23:22.115,0.88132,0.8815,1.00,1.00
2014.09.23 01:23:24.753,0.88132,0.88155,1.00,2.02
2014.09.23 01:23:30.222,0.8813,0.88154,1.72,1.27
2014.09.23 01:23:30.736,0.8813,0.8815,1.72,1.00
2014.09.23 01:23:31.039,0.88132,0.88155,1.00,1.52
2014.09.23 01:23:31.140,0.8813,0.88154,1.72,1.27
2014.09.23 01:23:31.190,0.88134,0.88155,1.00,1.52
2014.09.23 01:23:31.415,0.8813,0.88154,1.72,1.55
2014.09.23 01:23:31.516,0.88134,0.88155,1.00,2.02
2014.09.23 01:23:31.869,0.88134,0.88158,1.10,2.02
2014.09.23 01:23:32.373,0.88134,0.88155,1.10,1.00
2014.09.23 01:23:32.575,0.88134,0.88158,1.10,2.02
2014.09.23 01:23:35.350,0.88134,0.88157,1.10,1.47
2014.09.23 01:23:40.749,0.88135,0.88157,1.20,1.47
2014.09.23 01:23:41.444,0.88136,0.88157,1.20,1.47
2014.09.23 01:23:45.533,0.88136,0.88158,1.20,1.55
2014.09.23 01:23:46.174,0.88136,0.88158,1.20,1.55
2014.09.23 01:23:46.480,0.88131,0.88154,1.35,1.87
2014.09.23 01:23:46.581,0.88131,0.88154,1.20,2.02
2014.09.23 01:23:47.150,0.88132,0.88154,1.00,1.27
2014.09.23 01:23:52.007,0.88131,0.88154,1.20,1.27
2014.09.23 01:23:52.556,0.88134,0.88155,1.00,1.47
2014.09.23 01:23:55.202,0.88132,0.88155,1.17,1.47
2014.09.23 01:23:59.644,0.88132,0.88155,1.17,1.47
2014.09.23 01:24:01.523,0.88132,0.88155,1.17,2.10
2014.09.23 01:24:02.032,0.88132,0.88154,1.17,1.00
2014.09.23 01:24:02.544,0.8813,0.88153,1.27,1.00
2014.09.23 01:24:03.064,0.88128,0.88152,1.52,1.10
2014.09.23 01:24:03.165,0.88132,0.88152,1.00,1.10
2014.09.23 01:24:03.266,0.88129,0.88152,1.55,1.10
2014.09.23 01:24:05.434,0.8813,0.88153,1.42,1.07
2014.09.23 01:24:06.204,0.8813,0.88153,1.42,1.00
2014.09.23 01:24:11.256,0.88133,0.88155,1.27,1.10
2014.09.23 01:24:11.307,0.88134,0.88158,2.02,1.10
2014.09.23 01:24:11.409,0.88141,0.88164,1.00,1.52
2014.09.23 01:24:11.460,0.88141,0.88164,1.00,2.17
2014.09.23 01:24:11.511,0.88138,0.88162,1.17,1.20
2014.09.23 01:24:12.015,0.8814,0.88164,1.65,1.52
2014.09.23 01:24:12.218,0.8814,0.88164,1.72,1.45
2014.09.23 01:24:12.319,0.88142,0.88165,1.20,1.87
2014.09.23 01:24:15.178,0.8814,0.88164,1.80,1.12
2014.09.23 01:24:15.682,0.8814,0.88164,2.55,1.37
2014.09.23 01:24:16.204,0.8814,0.88164,1.80,1.12
2014.09.23 01:24:16.611,0.88145,0.88166,1.07,1.50
2014.09.23 01:24:16.914,0.88151,0.88174,1.30,1.10
2014.09.23 01:24:16.965,0.88153,0.88174,1.20,1.10
2014.09.23 01:24:17.267,0.88157,0.88176,1.20,1.15
2014.09.23 01:24:17.793,0.88157,0.88178,1.20,1.45
2014.09.23 01:24:21.552,0.88157,0.88178,1.20,1.45
2014.09.23 01:24:21.653,0.88155,0.88178,1.20,1.45
2014.09.23 01:24:23.244,0.88159,0.88176,1.20,1.00
2014.09.23 01:24:23.295,0.88159,0.8818,1.35,1.50
2014.09.23 01:24:25.764,0.88161,0.88184,1.30,1.95
2014.09.23 01:24:26.425,0.88161,0.8818,1.30,1.00
2014.09.23 01:24:35.633,0.88161,0.88181,1.30,1.00
2014.09.23 01:24:36.147,0.8816,0.8818,1.17,1.00
2014.09.23 01:24:36.349,0.88154,0.88175,1.37,1.00
2014.09.23 01:24:36.652,0.88153,0.88175,1.65,1.10
2014.09.23 01:24:36.954,0.88153,0.88171,1.65,1.00
2014.09.23 01:24:37.426,0.88152,0.88175,1.10,1.10
2014.09.23 01:24:37.843,0.88152,0.8817,1.35,1.00
2014.09.23 01:24:37.944,0.88152,0.88174,1.35,1.00
2014.09.23 01:24:38.321,0.88151,0.8817,1.42,1.00
2014.09.23 01:24:39.157,0.88147,0.8817,1.27,1.00
2014.09.23 01:24:39.560,0.88146,0.88168,1.72,1.00
2014.09.23 01:24:39.813,0.88146,0.8817,2.17,1.50
2014.09.23 01:24:40.183,0.88146,0.88165,1.15,1.00
2014.09.23 01:24:40.233,0.88146,0.88165,1.10,1.00
2014.09.23 01:24:40.803,0.88146,0.8817,1.10,2.02
2014.09.23 01:24:46.778,0.88146,0.88165,1.10,1.00
2014.09.23 01:24:46.879,0.88146,0.88168,1.10,1.00
2014.09.23 01:24:47.114,0.88146,0.88165,1.10,1.00
2014.09.23 01:24:48.053,0.88142,0.88165,1.17,1.00
2014.09.23 01:24:49.052,0.88142,0.8816,1.17,1.00
2014.09.23 01:24:49.712,0.88142,0.88165,1.17,1.00
2014.09.23 01:24:52.268,0.88142,0.88165,1.17,1.37
2014.09.23 01:24:52.470,0.8814,0.8816,1.15,1.00
2014.09.23 01:24:52.824,0.88142,0.88165,1.17,1.87
2014.09.23 01:24:54.484,0.88142,0.88165,1.37,1.00
2014.09.23 01:24:58.513,0.88143,0.88164,1.30,1.00
2014.09.23 01:25:00.912,0.88143,0.88165,1.30,1.00
2014.09.23 01:25:02.437,0.88143,0.88165,1.30,1.37
2014.09.23 01:25:02.538,0.88143,0.88165,1.30,1.12
2014.09.23 01:25:02.689,0.88143,0.88162,1.30,1.00
2014.09.23 01:25:02.891,0.88143,0.88164,1.30,1.12
2014.09.23 01:25:03.354,0.88143,0.8816,1.30,1.00
2014.09.23 01:25:04.957,0.88145,0.8816,1.20,1.00
2014.09.23 01:25:05.008,0.88145,0.88165,1.20,1.12
2014.09.23 01:25:05.466,0.88147,0.88165,1.20,1.00
2014.09.23 01:25:05.972,0.88148,0.88165,1.20,1.00
2014.09.23 01:25:06.557,0.88148,0.88166,1.20,1.00
2014.09.23 01:25:06.708,0.88146,0.88166,1.20,1.00
2014.09.23 01:25:07.003,0.88148,0.88166,1.20,1.00
2014.09.23 01:25:07.561,0.88147,0.88165,1.20,1.00
2014.09.23 01:25:11.933,0.88147,0.8817,1.20,2.02
2014.09.23 01:25:12.373,0.88147,0.88165,1.20,1.00
2014.09.23 01:25:12.894,0.88147,0.88165,1.35,1.00
2014.09.23 01:25:13.264,0.88149,0.8817,1.27,1.50
2014.09.23 01:25:13.516,0.88151,0.8817,1.37,1.00
2014.09.23 01:25:15.826,0.8815,0.8817,1.20,1.50
2014.09.23 01:25:18.239,0.88152,0.8817,1.20,1.50
2014.09.23 01:25:18.541,0.88153,0.88174,1.20,1.50
2014.09.23 01:25:18.693,0.88158,0.88175,1.20,1.00
2014.09.23 01:25:19.197,0.88158,0.88179,1.37,1.37
2014.09.23 01:25:19.736,0.88158,0.88178,1.20,1.27
2014.09.23 01:25:19.787,0.88158,0.88175,1.20,1.00
2014.09.23 01:25:20.105,0.88158,0.88178,1.20,1.27
2014.09.23 01:25:20.657,0.88157,0.88178,1.20,1.27
2014.09.23 01:25:21.172,0.88156,0.88175,1.20,1.00
2014.09.23 01:25:22.325,0.88155,0.88175,1.20,1.00
2014.09.23 01:25:22.929,0.88155,0.88174,1.20,1.00
2014.09.23 01:25:23.573,0.88155,0.88175,1.20,1.00
2014.09.23 01:25:24.737,0.88154,0.88175,1.00,1.00
2014.09.23 01:25:25.255,0.88154,0.88174,1.20,1.00
2014.09.23 01:25:26.619,0.88155,0.88174,1.20,1.00
2014.09.23 01:25:27.228,0.88156,0.88175,1.20,1.12
2014.09.23 01:25:28.216,0.88156,0.88174,1.20,1.00
2014.09.23 01:25:30.182,0.88156,0.88175,1.20,1.12
2014.09.23 01:25:31.966,0.88157,0.88175,1.20,1.00
2014.09.23 01:25:38.621,0.88157,0.88175,1.27,1.00
2014.09.23 01:25:38.975,0.88157,0.88175,1.65,1.00
2014.09.23 01:25:39.278,0.88157,0.88175,2.02,1.00
2014.09.23 01:25:39.480,0.88157,0.88175,1.65,1.00
2014.09.23 01:25:40.029,0.88157,0.88176,1.65,1.00
2014.09.23 01:25:40.551,0.88157,0.88175,1.65,1.00
2014.09.23 01:25:47.359,0.88157,0.88178,1.65,1.00
2014.09.23 01:25:48.800,0.88157,0.88175,1.65,1.00
2014.09.23 01:25:49.411,0.88157,0.88175,1.65,1.00
2014.09.23 01:25:51.543,0.88157,0.88178,1.57,1.10
2014.09.23 01:25:52.082,0.88157,0.88178,1.57,1.10
2014.09.23 01:25:52.726,0.88157,0.88178,1.57,1.10
2014.09.23 01:25:55.382,0.88157,0.88175,1.57,1.00
2014.09.23 01:25:56.142,0.88157,0.88175,1.57,1.00
2014.09.23 01:25:56.383,0.88156,0.88178,1.57,1.10
2014.09.23 01:25:56.853,0.88156,0.88176,1.57,1.00
2014.09.23 01:25:57.397,0.88156,0.88175,1.57,1.00
2014.09.23 01:25:59.112,0.88157,0.88175,1.57,1.00
2014.09.23 01:25:59.722,0.88157,0.88175,1.57,1.00
2014.09.23 01:25:59.782,0.88157,0.88178,1.57,1.10
2014.09.23 01:26:00.912,0.88157,0.88178,1.57,1.10
2014.09.23 01:26:01.459,0.88157,0.88178,1.57,1.10
2014.09.23 01:26:03.139,0.88157,0.88178,1.57,1.17
2014.09.23 01:26:03.645,0.88159,0.88178,1.57,1.15
2014.09.23 01:26:04.724,0.88159,0.88181,1.57,1.15
2014.09.23 01:26:05.233,0.88159,0.88181,1.57,1.17
2014.09.23 01:26:07.633,0.8816,0.88181,1.20,1.17
2014.09.23 01:26:10.149,0.88157,0.8818,1.30,1.57
2014.09.23 01:26:10.351,0.88157,0.88179,1.30,1.07
2014.09.23 01:26:10.502,0.88154,0.88178,1.00,1.27
2014.09.23 01:26:11.057,0.88153,0.88176,1.35,1.10
2014.09.23 01:26:11.636,0.88153,0.88175,1.35,1.00
2014.09.23 01:26:15.415,0.88153,0.8817,1.30,1.00
2014.09.23 01:26:16.635,0.88155,0.88175,1.20,1.15
2014.09.23 01:26:16.786,0.88157,0.88176,1.20,1.10
2014.09.23 01:26:16.988,0.88166,0.88175,1.20,1.00
2014.09.23 01:26:17.190,0.88158,0.8817,1.65,1.00
2014.09.23 01:26:17.391,0.88158,0.88175,1.65,1.17
2014.09.23 01:26:17.895,0.88159,0.88175,1.20,1.17
2014.09.23 01:26:19.426,0.88158,0.88175,1.20,1.17
2014.09.23 01:26:20.214,0.88157,0.88175,1.20,1.17
2014.09.23 01:26:32.642,0.88157,0.88178,1.20,1.17
2014.09.23 01:26:32.692,0.8816,0.88178,1.20,1.17
2014.09.23 01:26:33.360,0.88159,0.8818,1.20,1.15
2014.09.23 01:26:33.662,0.88159,0.88175,1.20,1.10
2014.09.23 01:26:36.217,0.88161,0.88175,1.20,1.10
2014.09.23 01:26:40.424,0.8816,0.88175,1.20,1.10
2014.09.23 01:26:40.946,0.88159,0.88175,1.20,1.10
2014.09.23 01:26:41.395,0.88161,0.88175,1.20,1.10
2014.09.23 01:26:42.406,0.88158,0.88175,1.20,1.10
2014.09.23 01:26:43.856,0.88158,0.88174,1.20,1.00
2014.09.23 01:26:47.581,0.88158,0.88174,1.20,1.07
2014.09.23 01:26:48.213,0.88157,0.88174,1.20,1.15
2014.09.23 01:26:48.716,0.88156,0.88175,1.20,1.65
2014.09.23 01:26:50.630,0.88155,0.88173,1.20,1.17
2014.09.23 01:26:50.933,0.88152,0.88173,1.20,1.27
2014.09.23 01:26:51.236,0.88154,0.88171,1.20,1.15
2014.09.23 01:26:55.472,0.88155,0.8817,1.20,1.65
2014.09.23 01:26:55.997,0.88154,0.8817,1.20,1.00
2014.09.23 01:27:02.112,0.88154,0.88175,1.20,1.15
2014.09.23 01:27:02.616,0.88154,0.88175,1.20,1.17
2014.09.23 01:27:04.884,0.88154,0.88171,1.20,1.00
2014.09.23 01:27:05.869,0.88154,0.8817,1.20,1.00
2014.09.23 01:27:07.231,0.88155,0.8817,1.20,1.00
2014.09.23 01:27:07.846,0.88155,0.88174,1.20,1.20
2014.09.23 01:27:08.201,0.88154,0.8817,1.20,1.00
2014.09.23 01:27:08.454,0.8815,0.8817,1.20,1.00
2014.09.23 01:27:08.504,0.8815,0.88166,1.20,1.00
2014.09.23 01:27:08.605,0.8815,0.8817,1.20,1.15
2014.09.23 01:27:08.706,0.88154,0.88168,1.20,1.00
2014.09.23 01:27:08.757,0.88154,0.8817,1.20,1.00
2014.09.23 01:27:08.807,0.88156,0.8817,1.20,1.00
2014.09.23 01:27:08.959,0.88156,0.88174,1.20,1.10
2014.09.23 01:27:09.462,0.88157,0.88175,1.20,1.00
2014.09.23 01:27:10.582,0.88157,0.88178,1.20,1.27
2014.09.23 01:27:10.846,0.88157,0.88175,1.20,1.00
2014.09.23 01:27:12.022,0.88155,0.88175,1.27,1.00
2014.09.23 01:27:12.528,0.88155,0.88175,1.20,1.00
2014.09.23 01:27:13.038,0.88156,0.88175,1.20,1.00
2014.09.23 01:27:15.278,0.88157,0.88175,1.20,1.00
2014.09.23 01:27:16.185,0.88154,0.88175,1.30,1.00
2014.09.23 01:27:19.370,0.88153,0.88175,1.30,1.07
2014.09.23 01:27:35.723,0.88154,0.88175,1.20,1.15
2014.09.23 01:27:35.874,0.88154,0.88175,1.30,1.00
2014.09.23 01:27:36.476,0.88154,0.88176,1.30,1.00
2014.09.23 01:27:36.987,0.88154,0.88178,1.72,1.95
2014.09.23 01:27:38.401,0.88158,0.88178,1.20,1.07
2014.09.23 01:27:38.756,0.88158,0.88182,1.65,1.57
2014.09.23 01:27:39.291,0.88158,0.8818,1.65,1.00
2014.09.23 01:27:39.835,0.88156,0.8818,2.17,1.50
2014.09.23 01:27:40.520,0.88156,0.8818,2.10,1.57
2014.09.23 01:27:41.028,0.88156,0.8818,1.00,1.15
2014.09.23 01:27:48.199,0.88155,0.88178,1.30,1.10
2014.09.23 01:27:48.501,0.88152,0.88176,1.80,1.00
2014.09.23 01:27:49.267,0.88152,0.88176,1.80,1.17
2014.09.23 01:27:49.635,0.88152,0.8817,1.17,1.00
2014.09.23 01:27:49.786,0.88148,0.8817,1.80,1.00
2014.09.23 01:27:53.399,0.88149,0.8817,1.20,1.10
2014.09.23 01:27:54.503,0.88149,0.88165,1.20,1.00
2014.09.23 01:27:54.704,0.88145,0.88165,1.20,1.00
2014.09.23 01:27:55.221,0.88143,0.88165,1.80,1.00
2014.09.23 01:27:58.128,0.88143,0.88165,1.65,1.17
2014.09.23 01:27:59.388,0.88141,0.88164,1.30,1.10
2014.09.23 01:27:59.489,0.88143,0.88164,1.20,1.10
2014.09.23 01:28:00.214,0.88143,0.88163,1.20,1.00
2014.09.23 01:28:00.722,0.88142,0.88165,1.65,1.17
2014.09.23 01:28:01.900,0.88143,0.88165,1.20,1.17
2014.09.23 01:28:02.523,0.88144,0.88165,1.20,1.17
2014.09.23 01:28:05.938,0.88144,0.88165,1.30,1.00
2014.09.23 01:28:07.399,0.88145,0.88165,1.20,1.00
2014.09.23 01:28:08.439,0.88145,0.88166,1.20,2.25
2014.09.23 01:28:08.990,0.88146,0.88165,1.20,1.00
2014.09.23 01:28:11.626,0.88145,0.88165,1.27,1.00
2014.09.23 01:28:11.677,0.88145,0.88168,1.27,1.47
2014.09.23 01:28:12.185,0.88148,0.88169,1.20,1.20
2014.09.23 01:28:12.692,0.88148,0.8817,1.37,1.87
2014.09.23 01:28:13.880,0.88148,0.8817,1.37,2.62
2014.09.23 01:28:14.082,0.88148,0.88165,1.20,1.00
2014.09.23 01:28:14.385,0.88148,0.8817,1.72,1.20
2014.09.23 01:28:14.907,0.88148,0.88169,1.30,1.00
2014.09.23 01:28:15.700,0.88148,0.88165,1.30,1.00
2014.09.23 01:28:15.809,0.88148,0.88169,1.30,1.00
2014.09.23 01:28:15.911,0.8815,0.88169,1.20,1.00
2014.09.23 01:28:16.232,0.88148,0.88169,1.30,1.00
2014.09.23 01:28:16.334,0.8815,0.88169,1.20,1.00
2014.09.23 01:28:16.536,0.88148,0.88169,1.30,1.00
2014.09.23 01:28:16.687,0.8815,0.88169,1.20,1.00
2014.09.23 01:28:16.880,0.88148,0.88169,1.30,1.00
2014.09.23 01:28:17.031,0.88148,0.88165,1.30,1.00
2014.09.23 01:28:17.341,0.8815,0.88165,1.20,1.00
2014.09.23 01:28:17.459,0.8815,0.88169,1.20,1.00
2014.09.23 01:28:17.519,0.88148,0.88169,1.30,1.00
2014.09.23 01:28:18.120,0.88148,0.88166,1.30,1.00
2014.09.23 01:28:18.677,0.88148,0.88168,1.30,1.00
2014.09.23 01:28:19.439,0.88148,0.88165,1.30,1.00
2014.09.23 01:28:19.947,0.8815,0.88165,1.20,1.00
2014.09.23 01:28:19.997,0.8815,0.8817,1.20,1.57
2014.09.23 01:28:20.199,0.88148,0.8817,1.30,1.95
2014.09.23 01:28:20.812,0.88148,0.88168,1.30,1.00
2014.09.23 01:28:21.285,0.8815,0.88168,1.20,1.12
2014.09.23 01:28:21.640,0.88148,0.88169,1.30,1.12
2014.09.23 01:28:25.659,0.8815,0.88169,1.20,1.00
2014.09.23 01:28:26.160,0.88148,0.8817,1.37,1.12
2014.09.23 01:28:26.691,0.88151,0.88171,1.20,1.17
2014.09.23 01:28:27.195,0.88152,0.88171,1.20,1.00
2014.09.23 01:28:28.090,0.88154,0.88171,1.20,1.00
2014.09.23 01:28:28.141,0.88154,0.88175,1.30,2.25
2014.09.23 01:28:28.674,0.88156,0.88177,1.20,2.02
2014.09.23 01:28:33.131,0.88156,0.88176,1.20,1.47
2014.09.23 01:28:36.625,0.88156,0.88177,1.20,1.55
2014.09.23 01:28:40.075,0.88154,0.88176,1.30,1.47
2014.09.23 01:28:40.578,0.88154,0.88175,1.20,1.52
2014.09.23 01:28:42.531,0.88152,0.88175,1.65,2.02
2014.09.23 01:28:42.783,0.8815,0.8817,1.65,1.00
2014.09.23 01:28:47.592,0.8815,0.88171,1.65,1.20
2014.09.23 01:28:49.353,0.8815,0.88165,1.65,1.00
2014.09.23 01:28:49.505,0.88145,0.88165,1.65,1.00
2014.09.23 01:28:49.707,0.88149,0.88167,1.00,1.10
2014.09.23 01:28:49.858,0.88151,0.8817,1.65,1.00
2014.09.23 01:28:49.910,0.88151,0.88165,1.65,1.00
2014.09.23 01:28:50.239,0.88154,0.88165,1.20,1.00
2014.09.23 01:28:50.671,0.88151,0.88166,1.00,1.00
2014.09.23 01:28:52.620,0.88151,0.8817,1.00,1.00
2014.09.23 01:28:53.368,0.88149,0.88169,1.00,1.00
2014.09.23 01:28:53.418,0.88149,0.88165,1.00,1.00
2014.09.23 01:28:56.248,0.88149,0.8817,1.00,1.87
2014.09.23 01:28:59.289,0.88149,0.8817,1.00,1.87
2014.09.23 01:29:01.088,0.88149,0.88165,1.00,1.00
2014.09.23 01:29:04.281,0.88149,0.8817,1.00,1.87
2014.09.23 01:29:06.030,0.88149,0.8817,1.00,2.02
2014.09.23 01:29:06.504,0.88149,0.88165,1.00,1.00
2014.09.23 01:29:06.706,0.88149,0.8817,1.00,2.02
2014.09.23 01:29:07.178,0.88149,0.88165,1.00,1.00
2014.09.23 01:29:07.249,0.88149,0.8817,1.00,2.02
2014.09.23 01:29:07.908,0.88149,0.88165,1.00,1.00
2014.09.23 01:29:08.060,0.88149,0.8817,1.00,2.02
2014.09.23 01:29:08.497,0.88149,0.88165,1.00,1.00
2014.09.23 01:29:08.600,0.88149,0.8817,1.00,2.02
2014.09.23 01:29:08.788,0.88149,0.88165,1.00,1.00
2014.09.23 01:29:08.940,0.88149,0.8817,1.00,2.02
2014.09.23 01:29:09.009,0.88149,0.88165,1.00,1.00
2014.09.23 01:29:09.164,0.88149,0.8817,1.00,2.02
2014.09.23 01:29:09.338,0.88149,0.88165,1.00,1.00
2014.09.23 01:29:10.438,0.88149,0.8817,1.00,2.02
2014.09.23 01:29:10.768,0.88149,0.88165,1.00,1.00
2014.09.23 01:29:10.991,0.88149,0.8817,1.00,2.02
2014.09.23 01:29:11.498,0.8815,0.88171,1.00,2.02
2014.09.23 01:29:12.978,0.88151,0.88171,1.20,1.15
2014.09.23 01:29:13.080,0.88152,0.88171,1.00,1.00
2014.09.23 01:29:13.594,0.88152,0.8817,1.00,1.00
2014.09.23 01:29:20.118,0.88152,0.88173,1.00,1.55
2014.09.23 01:29:21.960,0.88152,0.88173,1.00,1.55
2014.09.23 01:29:22.496,0.88152,0.88173,1.65,1.27
2014.09.23 01:29:24.950,0.88153,0.88173,1.20,1.10
2014.09.23 01:29:25.001,0.88153,0.8817,1.20,1.00
2014.09.23 01:29:25.253,0.88156,0.88175,1.00,1.10
2014.09.23 01:29:36.164,0.88154,0.88175,1.00,1.10
2014.09.23 01:29:36.379,0.88156,0.88175,1.00,1.10
2014.09.23 01:29:37.217,0.88154,0.88175,1.00,1.10
2014.09.23 01:29:37.570,0.88154,0.88173,1.17,1.00
2014.09.23 01:29:38.094,0.88156,0.88174,1.00,1.00
2014.09.23 01:29:39.732,0.88155,0.88174,1.10,1.00
2014.09.23 01:29:40.637,0.88155,0.88176,1.10,1.00
2014.09.23 01:29:47.334,0.88156,0.88176,1.00,1.00
2014.09.23 01:29:51.728,0.88159,0.88176,1.20,1.00
2014.09.23 01:29:52.082,0.8816,0.88179,1.20,1.00
2014.09.23 01:29:52.334,0.8816,0.88181,1.20,1.42
2014.09.23 01:29:53.831,0.88162,0.88181,1.20,1.10
2014.09.23 01:29:54.362,0.88162,0.88182,1.20,1.00
2014.09.23 01:29:58.788,0.88162,0.88183,1.20,1.00
2014.09.23 01:29:59.340,0.88162,0.88184,1.20,1.20
2014.09.23 01:30:19.132,0.88162,0.88183,1.30,1.00
2014.09.23 01:30:26.502,0.88162,0.88184,1.30,1.00
2014.09.23 01:30:26.804,0.88165,0.88184,1.00,1.00
2014.09.23 01:30:27.374,0.88165,0.88186,1.00,2.02
2014.09.23 01:30:28.140,0.88165,0.88186,1.10,1.87
2014.09.23 01:30:43.821,0.88165,0.88184,1.10,1.00
2014.09.23 01:30:44.126,0.88165,0.88182,1.10,1.00
2014.09.23 01:30:44.617,0.88162,0.88182,1.30,1.00
2014.09.23 01:30:44.667,0.88166,0.88183,1.20,1.00
2014.09.23 01:30:45.209,0.88167,0.88183,1.20,1.00
2014.09.23 01:30:45.310,0.88167,0.88186,1.20,1.27
2014.09.23 01:30:45.412,0.8817,0.88186,1.00,1.17
2014.09.23 01:30:45.664,0.88171,0.88188,1.20,1.10
2014.09.23 01:30:45.966,0.8817,0.88188,1.00,1.27
2014.09.23 01:30:46.218,0.88163,0.88182,1.20,1.00
2014.09.23 01:30:46.370,0.88165,0.88182,1.00,1.00
2014.09.23 01:30:50.906,0.8816,0.88182,1.80,1.00
2014.09.23 01:30:52.282,0.88162,0.88183,1.30,1.50
2014.09.23 01:30:52.433,0.88163,0.88183,1.27,1.00
2014.09.23 01:30:52.584,0.88164,0.88186,1.35,1.37
2014.09.23 01:30:53.139,0.88165,0.88186,1.17,1.12
2014.09.23 01:31:11.499,0.88164,0.88187,1.35,1.00
2014.09.23 01:31:11.701,0.8817,0.88188,1.20,1.00
2014.09.23 01:31:12.236,0.8817,0.88189,1.20,1.00
2014.09.23 01:31:12.288,0.8817,0.88191,1.20,1.00
2014.09.23 01:31:12.793,0.8817,0.88192,1.65,1.57
2014.09.23 01:31:15.231,0.88171,0.88192,1.20,1.10
2014.09.23 01:31:15.382,0.88171,0.88192,1.20,1.47
2014.09.23 01:31:15.685,0.88166,0.88188,1.30,1.12
2014.09.23 01:31:16.195,0.88166,0.88187,1.30,1.00
2014.09.23 01:31:22.198,0.88167,0.88187,1.20,1.00
2014.09.23 01:31:41.187,0.8817,0.88187,1.00,1.00
2014.09.23 01:31:44.309,0.8817,0.88187,1.00,1.87
2014.09.23 01:31:59.425,0.8817,0.88187,1.00,1.95
2014.09.23 01:32:16.036,0.8817,0.88189,1.00,1.72
2014.09.23 01:32:16.680,0.8817,0.88188,1.00,1.37
2014.09.23 01:32:19.498,0.8817,0.88188,1.00,1.00
2014.09.23 01:32:25.688,0.88169,0.88188,1.00,1.00
2014.09.23 01:32:26.238,0.8817,0.88188,1.00,1.00
2014.09.23 01:32:27.228,0.88169,0.88188,1.00,1.00
2014.09.23 01:32:27.889,0.8817,0.88188,1.00,1.00
2014.09.23 01:32:28.649,0.8817,0.8819,1.00,1.10
2014.09.23 01:32:28.700,0.88172,0.8819,1.20,1.10
2014.09.23 01:32:28.846,0.88172,0.88195,1.30,1.27
2014.09.23 01:32:28.897,0.88175,0.88195,1.00,1.12
2014.09.23 01:32:29.200,0.88177,0.88195,1.20,1.12
2014.09.23 01:32:29.301,0.88177,0.88197,1.20,1.12
2014.09.23 01:32:29.885,0.88177,0.88198,1.20,1.87
2014.09.23 01:32:32.110,0.88175,0.88198,1.15,1.87
2014.09.23 01:32:37.020,0.88179,0.88198,1.00,1.50
2014.09.23 01:32:37.898,0.88175,0.88198,1.15,1.50
2014.09.23 01:32:38.008,0.8818,0.88198,1.00,1.50
2014.09.23 01:32:38.778,0.88175,0.88198,1.15,1.50
2014.09.23 01:32:38.999,0.8818,0.88198,1.00,1.50
2014.09.23 01:32:39.231,0.88175,0.88198,1.27,1.50
2014.09.23 01:32:43.107,0.8818,0.88198,1.00,1.50
2014.09.23 01:32:43.209,0.88175,0.88198,1.15,1.50
2014.09.23 01:32:46.190,0.8818,0.88198,1.00,1.50
2014.09.23 01:32:46.590,0.88175,0.88198,1.15,1.50
2014.09.23 01:32:46.815,0.8818,0.88198,1.00,1.50
2014.09.23 01:32:46.919,0.88175,0.88198,1.15,1.50
2014.09.23 01:32:47.359,0.8818,0.88198,1.00,1.50
2014.09.23 01:32:47.469,0.88175,0.88198,1.15,1.50
2014.09.23 01:32:49.614,0.88175,0.88198,1.15,1.50
2014.09.23 01:32:49.916,0.88185,0.88201,1.17,1.00
2014.09.23 01:32:49.968,0.88185,0.88203,1.17,1.00
2014.09.23 01:32:50.069,0.88185,0.88205,1.17,1.00
2014.09.23 01:32:50.170,0.88185,0.88209,1.17,1.20
2014.09.23 01:32:50.221,0.88186,0.8821,1.15,1.00
2014.09.23 01:32:50.725,0.88187,0.88212,1.52,1.17
2014.09.23 01:32:51.357,0.88187,0.88212,3.45,1.00
2014.09.23 01:32:51.636,0.8819,0.88214,1.15,1.65
2014.09.23 01:32:52.966,0.88191,0.88215,1.15,1.20
2014.09.23 01:32:53.280,0.88191,0.88215,1.15,1.12
2014.09.23 01:32:53.431,0.88193,0.88217,1.27,1.65
2014.09.23 01:32:53.969,0.88195,0.88219,1.17,1.47
2014.09.23 01:32:54.171,0.88195,0.88219,1.27,1.00
2014.09.23 01:32:54.585,0.88195,0.88219,1.27,1.10
2014.09.23 01:33:04.336,0.88195,0.88219,1.80,1.47
2014.09.23 01:33:04.538,0.88193,0.88217,1.17,1.55
2014.09.23 01:33:04.890,0.8819,0.88214,1.27,1.72
2014.09.23 01:33:04.941,0.8819,0.88214,1.17,2.10
2014.09.23 01:33:07.643,0.88189,0.88213,1.27,1.00
2014.09.23 01:33:07.945,0.88197,0.88215,1.00,1.00
2014.09.23 01:33:08.147,0.88192,0.88215,2.92,1.00
2014.09.23 01:33:08.248,0.88191,0.88215,1.45,1.57
2014.09.23 01:33:08.501,0.88196,0.88215,1.00,1.07
2014.09.23 01:33:08.803,0.88186,0.88211,1.07,1.80
2014.09.23 01:33:08.854,0.88186,0.88211,1.00,1.80
2014.09.23 01:33:09.581,0.88185,0.88209,1.30,1.55
2014.09.23 01:33:11.769,0.88187,0.88211,1.00,2.02
2014.09.23 01:33:12.750,0.88187,0.88211,1.17,1.20
2014.09.23 01:33:16.935,0.88187,0.88211,1.17,1.47
2014.09.23 01:33:18.526,0.88187,0.88211,1.17,1.47
2014.09.23 01:33:19.447,0.88187,0.88211,1.17,1.10
2014.09.23 01:33:21.374,0.88189,0.88213,1.00,2.02
2014.09.23 01:33:22.619,0.88187,0.88211,1.55,1.10
2014.09.23 01:33:23.738,0.88189,0.88211,1.20,1.10
2014.09.23 01:33:24.091,0.8819,0.88214,1.20,1.07
2014.09.23 01:33:27.646,0.88193,0.88217,1.00,1.52
2014.09.23 01:33:28.302,0.88191,0.88215,1.72,1.27
2014.09.23 01:33:50.861,0.8819,0.88214,1.10,1.55
2014.09.23 01:33:51.630,0.8819,0.88214,1.17,1.45
2014.09.23 01:33:51.681,0.8819,0.88214,1.15,1.37
2014.09.23 01:33:54.427,0.8819,0.88214,1.15,1.37
2014.09.23 01:33:54.933,0.8819,0.88214,1.15,1.12
2014.09.23 01:33:55.442,0.8819,0.88214,1.15,1.37
2014.09.23 01:33:57.374,0.88189,0.88215,1.80,1.45
2014.09.23 01:33:57.933,0.88189,0.88215,1.80,1.52
2014.09.23 01:34:01.136,0.88189,0.88215,1.80,1.37
2014.09.23 01:34:03.014,0.88189,0.88215,1.80,2.02
2014.09.23 01:34:07.582,0.88189,0.88215,1.80,2.02
2014.09.23 01:34:08.121,0.88189,0.88215,1.17,2.02
2014.09.23 01:34:09.032,0.88189,0.88212,1.17,1.57
2014.09.23 01:34:09.235,0.88186,0.8821,1.07,1.47
2014.09.23 01:34:10.895,0.88185,0.8821,1.27,1.20
2014.09.23 01:34:13.585,0.88185,0.88209,1.55,1.00
2014.09.23 01:34:13.636,0.88185,0.88205,1.17,1.00
2014.09.23 01:34:13.737,0.88184,0.88205,1.72,1.00
2014.09.23 01:34:13.838,0.88184,0.88205,1.00,1.15
2014.09.23 01:34:13.939,0.88182,0.88205,1.00,2.55
2014.09.23 01:34:14.444,0.88181,0.88205,1.12,2.55
2014.09.23 01:34:15.285,0.88181,0.88205,1.27,2.47
2014.09.23 01:34:18.510,0.88181,0.88204,1.27,1.00
2014.09.23 01:34:19.725,0.88181,0.88205,1.27,2.47
2014.09.23 01:34:20.082,0.88181,0.88203,1.27,1.00
2014.09.23 01:34:20.586,0.88181,0.88204,1.27,1.00
2014.09.23 01:34:22.613,0.88181,0.88205,1.55,2.47
2014.09.23 01:34:24.352,0.88181,0.88205,1.20,2.55
2014.09.23 01:34:24.654,0.88175,0.88195,1.47,1.00
2014.09.23 01:34:25.070,0.88175,0.88197,1.57,1.20
2014.09.23 01:34:25.509,0.88174,0.88198,1.00,2.92
2014.09.23 01:34:26.025,0.88172,0.88195,1.20,1.72
2014.09.23 01:34:26.531,0.88172,0.88194,1.07,1.27
2014.09.23 01:34:27.691,0.88172,0.88196,1.07,2.10
2014.09.23 01:34:31.145,0.88172,0.88194,1.07,1.20
2014.09.23 01:34:31.664,0.88172,0.88195,1.07,1.35
2014.09.23 01:34:34.577,0.88172,0.88194,1.07,1.20
2014.09.23 01:34:46.129,0.88172,0.88195,1.00,1.65
2014.09.23 01:34:50.343,0.8817,0.88194,1.65,1.27
2014.09.23 01:35:02.067,0.8817,0.88194,1.17,2.02
2014.09.23 01:35:03.084,0.8817,0.88194,1.17,1.65
2014.09.23 01:35:06.149,0.8817,0.88194,1.10,1.65
2014.09.23 01:35:10.518,0.88171,0.88194,1.20,1.65
2014.09.23 01:35:12.791,0.88171,0.88194,1.20,2.02
2014.09.23 01:35:13.794,0.88171,0.88194,1.20,1.65
2014.09.23 01:35:15.369,0.8817,0.88192,1.00,1.30
2014.09.23 01:35:15.773,0.8817,0.8819,1.00,1.00
2014.09.23 01:35:16.234,0.8817,0.88192,1.00,1.30
2014.09.23 01:35:22.676,0.88169,0.88192,1.10,1.30
2014.09.23 01:35:23.226,0.88171,0.88191,1.00,1.27
2014.09.23 01:35:23.640,0.88171,0.88195,1.55,1.72
2014.09.23 01:35:23.691,0.88175,0.88195,1.00,1.30
2014.09.23 01:35:24.215,0.88176,0.88195,1.00,1.20
2014.09.23 01:35:24.564,0.88176,0.88193,1.00,1.20
2014.09.23 01:35:26.674,0.88176,0.88194,1.00,1.20
2014.09.23 01:35:30.438,0.88176,0.88195,1.00,1.20
2014.09.23 01:35:31.843,0.88176,0.88196,1.00,1.20
2014.09.23 01:35:37.254,0.88176,0.88194,1.00,1.20
2014.09.23 01:35:37.758,0.88175,0.88195,1.10,1.20
2014.09.23 01:35:38.107,0.88173,0.88193,1.07,1.20
2014.09.23 01:35:38.158,0.88173,0.88192,1.00,1.20
2014.09.23 01:35:38.416,0.8817,0.88191,1.15,1.20
2014.09.23 01:35:38.568,0.88169,0.88191,1.00,1.30
2014.09.23 01:35:38.669,0.88169,0.88187,1.00,1.20
2014.09.23 01:35:39.890,0.88169,0.88188,1.00,1.20
2014.09.23 01:35:43.524,0.88169,0.88186,1.00,1.20
2014.09.23 01:35:44.028,0.88167,0.88187,1.17,1.20
2014.09.23 01:35:44.129,0.88166,0.88187,1.00,1.20
2014.09.23 01:35:44.281,0.88166,0.88185,1.00,1.20
2014.09.23 01:35:47.828,0.88166,0.88183,1.00,1.20
2014.09.23 01:35:47.929,0.88163,0.88185,1.15,1.20
2014.09.23 01:35:48.030,0.88163,0.88183,1.15,1.20
2014.09.23 01:35:48.131,0.88163,0.88185,1.00,1.20
2014.09.23 01:35:48.384,0.88163,0.88183,1.00,1.20
2014.09.23 01:35:48.719,0.88163,0.88181,1.00,1.20
2014.09.23 01:35:49.659,0.88161,0.88181,1.20,1.20
2014.09.23 01:35:50.002,0.88161,0.88184,1.57,1.20
2014.09.23 01:35:50.395,0.88166,0.88185,1.00,1.20
2014.09.23 01:35:50.446,0.88166,0.88188,1.12,1.20
2014.09.23 01:35:50.497,0.88167,0.88188,1.07,1.20
2014.09.23 01:35:50.547,0.88167,0.88191,1.17,1.27
2014.09.23 01:35:50.598,0.88167,0.88191,1.17,1.95
2014.09.23 01:35:50.901,0.88176,0.88197,1.15,1.20
2014.09.23 01:35:51.254,0.88176,0.882,1.15,1.72
2014.09.23 01:35:51.506,0.8818,0.882,1.00,1.72
2014.09.23 01:35:51.816,0.88177,0.88196,1.17,1.20
2014.09.23 01:35:52.321,0.88177,0.88193,1.00,1.20
2014.09.23 01:35:52.671,0.88177,0.88196,1.00,1.20
2014.09.23 01:35:52.876,0.88177,0.88193,1.00,1.20
2014.09.23 01:35:53.333,0.88177,0.88191,1.00,1.20
2014.09.23 01:35:54.504,0.88177,0.88192,1.00,1.20
2014.09.23 01:35:56.031,0.88175,0.88192,1.00,1.20
2014.09.23 01:35:56.537,0.88175,0.88191,1.00,1.20
2014.09.23 01:35:56.738,0.88174,0.88189,1.00,1.20
2014.09.23 01:35:56.789,0.88172,0.88189,1.10,1.20
2014.09.23 01:35:56.940,0.88172,0.88187,1.10,1.20
2014.09.23 01:35:57.394,0.88172,0.8819,1.00,1.20
2014.09.23 01:35:57.809,0.88172,0.88195,1.00,1.80
2014.09.23 01:36:01.972,0.88172,0.88194,1.00,1.20
2014.09.23 01:36:02.482,0.88172,0.88193,1.00,1.20
2014.09.23 01:36:03.633,0.88172,0.88197,1.00,2.92
2014.09.23 01:36:03.685,0.88172,0.88197,1.45,2.47
2014.09.23 01:36:04.225,0.88173,0.88195,1.15,1.20
2014.09.23 01:36:04.477,0.88173,0.88196,1.10,1.37
2014.09.23 01:36:05.372,0.88175,0.88195,1.10,1.20
2014.09.23 01:36:15.095,0.88174,0.88193,1.07,1.20
2014.09.23 01:36:15.196,0.88171,0.88193,1.17,1.20
2014.09.23 01:36:15.861,0.88171,0.88191,1.17,1.20
2014.09.23 01:36:16.382,0.88169,0.88192,1.57,1.30
2014.09.23 01:36:16.886,0.8817,0.88192,1.00,2.85
2014.09.23 01:36:17.400,0.88169,0.88192,1.30,1.95
2014.09.23 01:36:17.501,0.8817,0.88192,1.27,1.00
2014.09.23 01:36:18.003,0.8817,0.88193,1.15,1.00
2014.09.23 01:36:20.890,0.8817,0.88194,1.65,1.00
2014.09.23 01:36:21.546,0.8817,0.88193,1.15,1.00
2014.09.23 01:36:22.784,0.88171,0.88193,1.42,1.00
2014.09.23 01:36:22.835,0.88174,0.88197,1.27,1.00
2014.09.23 01:36:22.987,0.88176,0.88197,1.15,1.00
2014.09.23 01:36:23.038,0.88176,0.882,1.15,1.00
2014.09.23 01:36:23.089,0.88178,0.882,1.00,1.15
2014.09.23 01:36:23.190,0.88175,0.88196,1.10,1.00
2014.09.23 01:36:23.445,0.88177,0.88197,1.20,1.57
2014.09.23 01:36:23.748,0.88175,0.88195,1.00,1.10
2014.09.23 01:36:23.849,0.88172,0.88195,1.30,1.57
2014.09.23 01:36:24.000,0.88172,0.88195,1.15,1.00
2014.09.23 01:36:24.051,0.88172,0.88197,1.15,1.00
2014.09.23 01:36:24.101,0.88172,0.88195,1.15,1.20
2014.09.23 01:36:24.202,0.88172,0.88195,1.00,1.20
2014.09.23 01:36:24.336,0.88172,0.88197,1.00,1.65
2014.09.23 01:36:25.813,0.88171,0.88195,1.00,5.25
2014.09.23 01:36:26.209,0.88171,0.88195,1.00,1.52
2014.09.23 01:36:26.633,0.88171,0.88195,1.10,1.27
2014.09.23 01:36:27.465,0.88169,0.88193,2.17,1.00
2014.09.23 01:36:30.842,0.88169,0.88193,1.10,1.17
2014.09.23 01:36:34.866,0.88171,0.88195,1.00,1.15
2014.09.23 01:36:35.743,0.88171,0.88197,1.52,2.92
2014.09.23 01:36:36.257,0.88171,0.88197,1.15,2.17
2014.09.23 01:36:36.560,0.88173,0.88197,1.72,1.00
2014.09.23 01:36:36.863,0.88179,0.88203,1.00,2.55
2014.09.23 01:36:36.914,0.88177,0.88201,1.00,1.15
2014.09.23 01:36:37.489,0.88175,0.882,1.30,1.15
2014.09.23 01:36:37.540,0.88175,0.882,1.37,1.07
2014.09.23 01:36:37.591,0.88178,0.88202,1.10,1.17
2014.09.23 01:36:37.742,0.88176,0.88199,1.15,1.20
2014.09.23 01:36:37.894,0.88175,0.88199,1.00,1.80
2014.09.23 01:36:38.210,0.88175,0.88195,1.00,1.20
2014.09.23 01:36:38.712,0.88172,0.88196,1.15,1.65
2014.09.23 01:36:45.000,0.88172,0.88196,1.07,1.45
2014.09.23 01:36:45.271,0.88169,0.88192,1.75,1.00
2014.09.23 01:36:46.042,0.88169,0.88195,2.17,1.27
2014.09.23 01:36:47.133,0.88169,0.88195,1.55,1.27
2014.09.23 01:36:47.702,0.88169,0.88195,1.52,1.20
2014.09.23 01:36:52.833,0.88169,0.88195,1.55,2.10
2014.09.23 01:36:52.883,0.88169,0.88195,1.47,2.17
2014.09.23 01:36:53.397,0.88169,0.88193,1.10,1.17
2014.09.23 01:36:54.252,0.8817,0.88193,1.27,1.10
2014.09.23 01:36:54.303,0.88171,0.88195,1.27,1.10
2014.09.23 01:37:00.254,0.88174,0.88197,1.07,1.35
2014.09.23 01:37:00.767,0.88174,0.88197,1.17,1.27
2014.09.23 01:37:01.504,0.88174,0.88198,1.17,1.20
2014.09.23 01:37:01.883,0.88179,0.88199,1.10,1.30
2014.09.23 01:37:02.186,0.88182,0.882,1.00,1.00
2014.09.23 01:37:05.649,0.88182,0.88204,1.00,1.27
2014.09.23 01:37:06.432,0.88183,0.88204,1.00,1.27
2014.09.23 01:37:06.534,0.88183,0.88205,1.65,1.95
2014.09.23 01:37:06.837,0.88185,0.88205,1.00,1.47
2014.09.23 01:37:07.039,0.88185,0.88205,1.00,1.20
2014.09.23 01:37:07.090,0.88183,0.88205,1.00,1.20
2014.09.23 01:37:10.381,0.88184,0.88206,1.00,1.27
2014.09.23 01:37:10.748,0.88187,0.88206,1.20,1.00
2014.09.23 01:37:10.899,0.88188,0.88212,2.02,1.15
2014.09.23 01:37:10.950,0.88188,0.88212,2.17,1.10
2014.09.23 01:37:11.052,0.88192,0.88213,1.00,1.17
2014.09.23 01:37:11.153,0.88192,0.88216,1.15,2.77
2014.09.23 01:37:11.706,0.88193,0.88216,1.00,1.52
2014.09.23 01:37:12.467,0.88193,0.88216,1.07,1.37
2014.09.23 01:37:13.127,0.88195,0.88216,1.00,1.12
2014.09.23 01:37:14.079,0.88195,0.88216,1.15,1.00
2014.09.23 01:37:14.381,0.88202,0.88218,1.00,1.00
2014.09.23 01:37:14.432,0.88204,0.88224,1.00,2.17
2014.09.23 01:37:14.735,0.88204,0.88227,1.00,1.52
2014.09.23 01:37:15.245,0.88205,0.88227,1.00,1.52
2014.09.23 01:37:19.176,0.88205,0.88226,1.00,1.55
2014.09.23 01:37:19.685,0.88205,0.88226,1.00,1.55
2014.09.23 01:37:20.560,0.88205,0.88226,1.00,1.55
2014.09.23 01:37:21.351,0.88205,0.88226,1.00,1.27
2014.09.23 01:37:22.145,0.88202,0.88226,1.10,2.02
2014.09.23 01:37:22.901,0.88203,0.88224,1.00,1.27
2014.09.23 01:37:23.460,0.88205,0.88226,1.00,1.27
2014.09.23 01:37:25.312,0.88205,0.88226,1.00,1.27
2014.09.23 01:37:25.364,0.88205,0.88226,1.00,1.20
2014.09.23 01:37:26.020,0.88208,0.88228,1.00,1.27
2014.09.23 01:37:26.528,0.88208,0.88228,1.00,1.20
2014.09.23 01:37:27.414,0.88206,0.88228,1.10,1.57
2014.09.23 01:37:29.612,0.88206,0.88228,1.17,1.20
2014.09.23 01:37:29.914,0.88213,0.88225,1.00,1.20
2014.09.23 01:37:29.965,0.88206,0.88225,1.20,1.20
2014.09.23 01:37:30.116,0.88204,0.88225,1.00,1.50
2014.09.23 01:37:30.422,0.88204,0.88223,1.00,1.20
2014.09.23 01:37:30.888,0.88204,0.88225,1.00,1.20
2014.09.23 01:37:31.429,0.88205,0.88227,1.00,1.35
2014.09.23 01:37:34.904,0.88205,0.88225,1.00,1.00
2014.09.23 01:37:34.954,0.88205,0.88223,1.00,1.20
2014.09.23 01:37:35.005,0.88203,0.88223,1.10,1.27
2014.09.23 01:37:36.179,0.88201,0.88223,1.20,1.35
2014.09.23 01:37:36.431,0.88203,0.88224,1.00,1.42
2014.09.23 01:37:36.834,0.88201,0.88224,1.00,2.17
2014.09.23 01:37:36.992,0.88201,0.88221,1.00,1.00
2014.09.23 01:37:37.212,0.88201,0.88224,1.00,2.17
2014.09.23 01:37:37.323,0.88201,0.8822,1.00,1.00
2014.09.23 01:37:37.475,0.88201,0.88223,1.00,1.20
2014.09.23 01:37:37.642,0.882,0.88223,1.10,1.47
2014.09.23 01:37:45.264,0.88201,0.88223,1.00,1.52
2014.09.23 01:37:45.563,0.88199,0.88223,1.65,2.02
2014.09.23 01:37:46.077,0.88199,0.88221,1.00,1.55
2014.09.23 01:37:46.686,0.882,0.88221,1.00,1.55
2014.09.23 01:37:47.195,0.882,0.88221,1.00,1.55
2014.09.23 01:37:47.724,0.882,0.88221,1.00,1.17
2014.09.23 01:37:56.138,0.88201,0.88223,1.00,1.72
2014.09.23 01:37:58.745,0.88201,0.88223,1.17,1.35
2014.09.23 01:37:59.271,0.88201,0.88226,1.15,2.10
2014.09.23 01:37:59.882,0.88203,0.88227,1.10,1.75
2014.09.23 01:38:00.444,0.88203,0.88227,1.10,1.75
2014.09.23 01:38:02.156,0.88203,0.88228,1.10,2.92
2014.09.23 01:38:02.826,0.88203,0.88228,1.00,2.17
2014.09.23 01:38:04.246,0.88203,0.88228,1.10,2.17
2014.09.23 01:38:07.371,0.88205,0.88228,1.00,2.17
2014.09.23 01:38:07.673,0.8821,0.88231,1.00,2.92
2014.09.23 01:38:07.926,0.88207,0.8823,1.00,1.52
2014.09.23 01:38:08.436,0.88206,0.88228,1.00,2.17
2014.09.23 01:38:11.081,0.88208,0.88228,1.00,1.42
2014.09.23 01:38:11.384,0.88215,0.88236,1.00,1.35
2014.09.23 01:38:11.961,0.88215,0.88239,1.00,2.17
2014.09.23 01:38:17.573,0.88215,0.88239,1.00,2.02
2014.09.23 01:38:20.483,0.88216,0.88239,1.20,2.02
2014.09.23 01:38:21.724,0.88215,0.88239,1.00,1.52
2014.09.23 01:38:21.825,0.88214,0.88236,1.20,1.27
2014.09.23 01:38:22.027,0.88212,0.88236,1.65,1.27
2014.09.23 01:38:24.700,0.88214,0.88236,1.20,1.15
2014.09.23 01:38:24.801,0.88213,0.88239,2.10,1.15
2014.09.23 01:38:24.952,0.88217,0.8824,1.00,2.02
2014.09.23 01:38:25.003,0.88217,0.8824,1.00,1.52
2014.09.23 01:38:25.602,0.88217,0.8824,1.00,1.52
2014.09.23 01:38:26.286,0.88216,0.8824,1.10,2.02
2014.09.23 01:38:28.623,0.88216,0.88239,1.00,1.72
2014.09.23 01:38:29.228,0.88214,0.88238,1.00,1.52
2014.09.23 01:38:30.016,0.88217,0.88239,1.00,1.52
2014.09.23 01:38:30.637,0.88217,0.88239,1.00,1.52
2014.09.23 01:38:30.995,0.88217,0.88238,1.00,2.70
2014.09.23 01:38:31.704,0.88217,0.88239,1.00,1.27
2014.09.23 01:38:31.754,0.8822,0.88239,1.00,1.27
2014.09.23 01:38:32.007,0.88218,0.88241,1.00,3.60
2014.09.23 01:38:33.510,0.88216,0.8824,1.00,2.02
2014.09.23 01:38:35.924,0.88216,0.8824,1.10,2.92
2014.09.23 01:38:38.916,0.88216,0.8824,1.10,2.92
2014.09.23 01:38:39.017,0.88216,0.8824,1.00,2.92
2014.09.23 01:38:39.919,0.88213,0.88238,1.10,1.52
2014.09.23 01:38:40.702,0.8821,0.88234,1.95,1.07
2014.09.23 01:38:40.753,0.8821,0.88234,1.00,1.52
2014.09.23 01:38:40.804,0.8821,0.88234,1.00,1.52
2014.09.23 01:38:41.402,0.88209,0.88233,1.20,1.52
2014.09.23 01:38:41.721,0.8821,0.88236,1.00,1.52
2014.09.23 01:38:45.720,0.88212,0.88235,1.00,1.52
2014.09.23 01:39:02.021,0.88212,0.88236,1.00,1.27
2014.09.23 01:39:02.601,0.88213,0.88237,1.00,5.62
2014.09.23 01:39:04.445,0.88211,0.88235,1.00,1.27
2014.09.23 01:39:04.646,0.88213,0.88237,1.00,5.62
2014.09.23 01:39:05.051,0.88213,0.88237,1.00,1.52
2014.09.23 01:39:06.771,0.88211,0.88235,1.00,1.27
2014.09.23 01:39:08.429,0.88214,0.88238,1.00,1.52
2014.09.23 01:39:08.956,0.88215,0.88239,1.00,4.35
2014.09.23 01:39:10.140,0.88214,0.88238,1.00,1.52
2014.09.23 01:39:17.971,0.88212,0.88236,1.00,1.27
2014.09.23 01:39:21.249,0.88215,0.88239,1.00,4.35
2014.09.23 01:39:21.910,0.88213,0.88233,1.00,1.30
2014.09.23 01:39:22.439,0.88213,0.88232,1.00,1.20
2014.09.23 01:39:25.712,0.88213,0.88233,1.15,1.20
2014.09.23 01:39:27.289,0.88215,0.88234,1.10,1.20
2014.09.23 01:39:27.592,0.88217,0.88237,1.17,1.20
2014.09.23 01:39:28.105,0.88217,0.88236,1.17,1.20
2014.09.23 01:39:31.520,0.88215,0.88236,1.17,1.20
2014.09.23 01:39:31.621,0.88215,0.88235,1.10,1.20
2014.09.23 01:39:38.921,0.88215,0.8823,1.10,1.20
2014.09.23 01:39:39.023,0.88212,0.8823,1.17,1.20
2014.09.23 01:39:39.124,0.88211,0.88225,1.65,1.20
2014.09.23 01:39:39.427,0.88208,0.88225,2.40,1.20
2014.09.23 01:39:40.913,0.88208,0.88227,1.90,1.20
2014.09.23 01:39:41.421,0.88208,0.88228,1.90,1.20
2014.09.23 01:39:46.666,0.88208,0.88228,1.90,1.20
2014.09.23 01:39:47.459,0.8821,0.88228,1.57,1.20
2014.09.23 01:39:51.681,0.8821,0.88227,1.57,1.20
2014.09.23 01:40:00.566,0.8821,0.88227,1.92,1.20
2014.09.23 01:40:00.617,0.8821,0.88229,1.92,1.20
2014.09.23 01:40:03.884,0.8821,0.88229,2.40,1.20
2014.09.23 01:40:03.986,0.8821,0.88227,2.40,1.20
2014.09.23 01:40:04.137,0.8821,0.88229,2.40,1.20
2014.09.23 01:40:04.702,0.8821,0.8823,2.40,1.20
2014.09.23 01:40:06.734,0.8821,0.88231,2.40,1.20
2014.09.23 01:40:09.386,0.88211,0.88235,1.35,1.00
2014.09.23 01:40:10.413,0.88211,0.88235,2.10,1.00
2014.09.23 01:40:11.508,0.88211,0.88235,1.80,1.00
2014.09.23 01:40:12.394,0.88211,0.88235,1.72,1.00
2014.09.23 01:40:13.608,0.8821,0.88235,2.02,1.65
2014.09.23 01:40:13.759,0.88209,0.88233,1.52,1.00
2014.09.23 01:40:14.355,0.8821,0.88234,2.25,1.15
2014.09.23 01:40:14.406,0.88215,0.88236,1.37,1.37
2014.09.23 01:40:14.507,0.88215,0.88238,2.17,1.00
2014.09.23 01:40:14.608,0.88217,0.88241,1.52,1.00
2014.09.23 01:40:14.760,0.88219,0.88243,1.15,3.22
2014.09.23 01:40:22.485,0.88219,0.88243,1.15,2.10
2014.09.23 01:40:24.323,0.8822,0.88243,1.15,2.02
2014.09.23 01:40:29.697,0.88219,0.88243,1.15,2.02
2014.09.23 01:40:29.747,0.88219,0.88243,1.07,2.10
2014.09.23 01:40:31.261,0.88217,0.88241,1.27,1.00
2014.09.23 01:40:34.631,0.88217,0.88241,1.07,1.20
2014.09.23 01:40:34.933,0.88217,0.88241,1.37,1.15
2014.09.23 01:40:35.240,0.88217,0.8824,1.00,1.80
2014.09.23 01:40:35.342,0.88213,0.88237,1.10,1.37
2014.09.23 01:40:35.443,0.88213,0.88235,1.00,1.65
2014.09.23 01:40:35.745,0.88209,0.88233,1.37,1.15
2014.09.23 01:40:39.023,0.88209,0.88233,1.37,1.80
2014.09.23 01:40:39.512,0.88209,0.88227,1.37,1.20
2014.09.23 01:40:40.428,0.88209,0.88227,1.75,1.20
2014.09.23 01:40:41.275,0.88207,0.88224,1.05,1.20
2014.09.23 01:40:41.376,0.88206,0.88224,1.37,1.20
2014.09.23 01:40:41.477,0.88206,0.88224,1.37,1.37
2014.09.23 01:40:41.780,0.882,0.88219,2.25,1.20
2014.09.23 01:40:41.830,0.882,0.88222,3.00,1.30
2014.09.23 01:40:41.881,0.882,0.88222,1.50,1.30
2014.09.23 01:40:41.982,0.882,0.8822,1.00,1.20
2014.09.23 01:40:42.400,0.882,0.88222,1.50,1.30
2014.09.23 01:40:42.633,0.882,0.8822,1.50,1.20
2014.09.23 01:40:42.935,0.882,0.8822,2.25,1.20
2014.09.23 01:40:43.036,0.882,0.88222,2.25,1.30
2014.09.23 01:40:43.187,0.88202,0.8822,1.50,1.20
2014.09.23 01:40:43.294,0.88202,0.88221,1.37,1.20
2014.09.23 01:40:43.697,0.88201,0.88222,1.75,1.30
2014.09.23 01:40:44.000,0.88201,0.8822,1.50,1.20
2014.09.23 01:40:44.276,0.88201,0.88222,2.25,1.30
2014.09.23 01:40:44.378,0.88201,0.8822,2.40,1.20
2014.09.23 01:40:44.479,0.88201,0.8822,2.02,1.20
2014.09.23 01:40:44.901,0.88201,0.8822,1.15,1.20
2014.09.23 01:40:45.403,0.88201,0.8822,1.00,1.20
2014.09.23 01:40:47.554,0.88201,0.88221,1.00,1.20
2014.09.23 01:40:47.900,0.88201,0.8822,1.37,1.20
2014.09.23 01:40:52.946,0.88201,0.88222,1.52,1.20
2014.09.23 01:40:53.820,0.88201,0.88222,1.12,1.37
2014.09.23 01:40:58.643,0.88201,0.88222,1.20,1.30
2014.09.23 01:40:59.167,0.88201,0.88222,1.47,1.20
2014.09.23 01:40:59.712,0.88201,0.88222,1.47,1.20
2014.09.23 01:41:01.961,0.88201,0.88222,1.47,1.20
2014.09.23 01:41:02.469,0.88201,0.88222,1.47,1.20
2014.09.23 01:41:03.082,0.88201,0.8822,1.47,1.20
2014.09.23 01:41:03.183,0.882,0.8822,1.07,1.20
2014.09.23 01:41:03.285,0.88198,0.88216,1.37,1.20
2014.09.23 01:41:03.387,0.88198,0.88219,1.37,1.20
2014.09.23 01:41:03.905,0.88199,0.88219,1.00,1.30
2014.09.23 01:41:04.416,0.88199,0.88218,1.00,1.20
2014.09.23 01:41:04.619,0.88204,0.88218,1.00,1.20
2014.09.23 01:41:04.722,0.882,0.88218,1.00,1.20
2014.09.23 01:41:05.281,0.882,0.88219,1.12,1.30
2014.09.23 01:41:09.005,0.882,0.8822,1.10,1.65
2014.09.23 01:41:09.366,0.882,0.88223,1.10,1.80
2014.09.23 01:41:09.467,0.88199,0.88218,1.17,1.20
2014.09.23 01:41:09.571,0.88199,0.8822,1.17,1.20
2014.09.23 01:41:09.773,0.882,0.88217,1.10,1.20
2014.09.23 01:41:11.995,0.88198,0.88218,1.15,1.20
2014.09.23 01:41:18.822,0.88198,0.8822,1.37,1.30
2014.09.23 01:41:18.923,0.88198,0.88218,1.37,1.20
2014.09.23 01:41:20.040,0.88198,0.8822,1.37,1.30
2014.09.23 01:41:21.461,0.882,0.8822,1.37,1.30
2014.09.23 01:41:22.820,0.88198,0.8822,1.37,1.30
2014.09.23 01:41:31.898,0.88201,0.88218,1.12,1.20
2014.09.23 01:41:32.100,0.88201,0.8822,1.00,1.30
2014.09.23 01:41:32.567,0.88201,0.88218,1.00,1.20
2014.09.23 01:41:32.875,0.88201,0.88221,1.12,1.37
2014.09.23 01:41:33.127,0.88201,0.88218,1.12,1.20
2014.09.23 01:41:34.655,0.88201,0.8822,1.37,1.20
2014.09.23 01:41:36.619,0.88201,0.88217,1.37,1.20
2014.09.23 01:41:37.128,0.88201,0.88218,1.37,1.20
2014.09.23 01:41:38.913,0.88201,0.88219,1.37,1.20
2014.09.23 01:41:40.880,0.88201,0.88219,1.12,1.20
2014.09.23 01:41:41.466,0.882,0.88218,1.00,1.20
2014.09.23 01:41:42.123,0.882,0.88219,1.50,1.20
2014.09.23 01:41:42.431,0.88202,0.88219,1.12,1.20
2014.09.23 01:41:43.751,0.88202,0.88216,1.12,1.20
2014.09.23 01:41:45.112,0.88202,0.88224,1.00,1.12
2014.09.23 01:41:45.314,0.882,0.88224,1.50,1.87
2014.09.23 01:41:45.726,0.88202,0.88217,1.00,1.20
2014.09.23 01:41:45.777,0.88202,0.88219,1.00,1.20
2014.09.23 01:41:49.922,0.88202,0.88216,1.00,1.20
2014.09.23 01:41:57.515,0.88202,0.88222,1.00,1.35
2014.09.23 01:42:01.223,0.88202,0.88222,1.00,1.42
2014.09.23 01:42:01.274,0.88199,0.88218,1.00,1.27
2014.09.23 01:42:01.325,0.88199,0.88218,1.00,1.42
2014.09.23 01:42:01.685,0.88196,0.88215,1.00,1.17
2014.09.23 01:42:01.937,0.88194,0.8821,1.00,1.00
2014.09.23 01:42:02.039,0.88191,0.88214,1.00,2.70
2014.09.23 01:42:02.140,0.88186,0.8821,1.00,1.27
2014.09.23 01:42:02.544,0.88185,0.88208,1.00,2.70
2014.09.23 01:42:02.595,0.88183,0.88207,1.00,1.27
2014.09.23 01:42:02.646,0.88183,0.88207,1.10,1.20
2014.09.23 01:42:03.173,0.88184,0.88206,1.00,1.10
2014.09.23 01:42:04.622,0.88184,0.88207,1.00,1.07
2014.09.23 01:42:05.131,0.88183,0.88207,1.00,1.15
2014.09.23 01:42:05.660,0.88181,0.88205,1.50,1.80
2014.09.23 01:42:06.466,0.88181,0.88205,1.00,2.17
2014.09.23 01:42:07.440,0.88179,0.88196,1.00,1.20
2014.09.23 01:42:07.882,0.88176,0.88196,1.50,1.20
2014.09.23 01:42:08.084,0.88178,0.88196,1.00,1.20
2014.09.23 01:42:08.588,0.88178,0.88202,1.00,1.15
2014.09.23 01:42:09.111,0.88177,0.882,1.50,1.27
2014.09.23 01:42:09.212,0.88175,0.88199,1.50,1.80
2014.09.23 01:42:09.481,0.88175,0.88195,1.00,1.00
2014.09.23 01:42:10.033,0.88174,0.88195,1.57,1.00
2014.09.23 01:42:10.538,0.88174,0.88195,1.00,1.55
2014.09.23 01:42:10.740,0.8817,0.88194,1.10,1.45
2014.09.23 01:42:10.843,0.88168,0.88192,1.00,1.52
2014.09.23 01:42:10.944,0.88167,0.8819,1.10,1.45
2014.09.23 01:42:11.461,0.88163,0.8819,1.27,1.52
2014.09.23 01:42:12.024,0.88163,0.8819,1.07,1.52
2014.09.23 01:42:12.485,0.88161,0.88188,2.02,1.27
2014.09.23 01:42:12.638,0.88161,0.88185,1.47,1.07
2014.09.23 01:42:12.790,0.88158,0.88179,1.00,1.27
2014.09.23 01:42:13.308,0.88155,0.8818,2.77,1.30
2014.09.23 01:42:13.460,0.88155,0.88178,2.77,1.20
2014.09.23 01:42:17.940,0.88155,0.88179,1.65,1.20
2014.09.23 01:42:19.032,0.88155,0.88177,2.40,1.20
2014.09.23 01:42:20.712,0.88155,0.88179,2.77,1.20
2014.09.23 01:42:20.915,0.88155,0.88173,2.02,1.20
2014.09.23 01:42:21.016,0.88155,0.88179,2.02,1.20
2014.09.23 01:42:21.377,0.88155,0.88174,2.02,1.20
2014.09.23 01:42:21.882,0.88155,0.88175,2.02,1.20
2014.09.23 01:42:23.441,0.88155,0.88174,2.02,1.20
2014.09.23 01:42:23.686,0.88155,0.88178,1.65,1.20
2014.09.23 01:42:24.014,0.88155,0.88176,1.65,1.65
2014.09.23 01:42:25.482,0.88154,0.88176,1.27,1.20
2014.09.23 01:42:25.532,0.88154,0.88176,1.20,1.20
2014.09.23 01:42:26.131,0.88154,0.88175,1.20,1.00
2014.09.23 01:42:26.747,0.88154,0.88176,1.20,1.65
2014.09.23 01:42:27.458,0.88154,0.88175,1.20,1.00
2014.09.23 01:42:28.218,0.88154,0.88175,1.47,1.00
2014.09.23 01:42:28.319,0.88155,0.88179,1.12,1.35
2014.09.23 01:42:28.471,0.88155,0.88179,1.57,1.35
2014.09.23 01:42:28.521,0.88156,0.8818,1.15,1.00
2014.09.23 01:42:28.924,0.88156,0.88179,1.65,1.57
2014.09.23 01:42:29.177,0.88155,0.88176,1.20,1.20
2014.09.23 01:42:29.719,0.88153,0.88177,1.15,1.27
2014.09.23 01:42:30.430,0.88153,0.88177,1.15,1.57
2014.09.23 01:42:30.581,0.88153,0.88177,1.07,1.65
2014.09.23 01:42:30.632,0.88151,0.88175,2.10,1.07
2014.09.23 01:42:30.935,0.8815,0.88176,2.10,1.80
2014.09.23 01:42:30.986,0.8815,0.88176,1.65,1.80
2014.09.23 01:42:31.654,0.8815,0.88177,1.27,1.55
2014.09.23 01:42:32.165,0.8815,0.88177,1.15,1.65
2014.09.23 01:42:32.926,0.8815,0.88169,1.15,1.20
2014.09.23 01:42:33.027,0.88148,0.88174,1.27,1.37
2014.09.23 01:42:35.977,0.88147,0.88174,1.52,1.07
2014.09.23 01:42:36.028,0.88147,0.88175,3.45,2.25
2014.09.23 01:42:36.681,0.88147,0.88166,4.20,1.20
2014.09.23 01:42:36.782,0.88147,0.8817,4.20,1.20
2014.09.23 01:42:37.102,0.88147,0.88172,3.45,1.20
2014.09.23 01:42:37.407,0.88147,0.88174,3.45,1.65
2014.09.23 01:42:37.989,0.8815,0.88175,1.52,1.65
2014.09.23 01:42:38.392,0.8815,0.8817,1.52,1.20
2014.09.23 01:42:39.050,0.88147,0.88171,3.45,1.20
2014.09.23 01:42:39.166,0.88147,0.88175,3.82,1.50
2014.09.23 01:42:42.073,0.88147,0.88175,4.57,2.47
2014.09.23 01:42:42.175,0.88147,0.88171,1.20,1.17
2014.09.23 01:42:42.276,0.88147,0.88173,1.12,2.17
2014.09.23 01:42:42.377,0.88145,0.88166,2.02,1.20
2014.09.23 01:42:42.629,0.88141,0.88167,1.55,1.35
2014.09.23 01:42:44.055,0.88141,0.8817,1.52,3.45
2014.09.23 01:42:44.156,0.88141,0.8817,1.52,1.27
2014.09.23 01:42:47.290,0.88145,0.8817,1.10,2.17
2014.09.23 01:42:47.341,0.88143,0.88168,1.12,1.35
2014.09.23 01:43:02.875,0.88143,0.8817,1.27,1.80
2014.09.23 01:43:03.842,0.88146,0.88172,1.00,1.35
2014.09.23 01:43:04.296,0.88146,0.88172,1.15,1.37
2014.09.23 01:43:11.423,0.88148,0.88175,1.07,2.17
2014.09.23 01:43:11.524,0.88148,0.88175,1.15,1.55
2014.09.23 01:43:11.827,0.88148,0.88174,1.27,1.65
2014.09.23 01:43:11.928,0.88148,0.88173,1.10,1.42
2014.09.23 01:43:15.715,0.88145,0.88169,1.17,1.07
2014.09.23 01:43:15.816,0.88145,0.88169,1.10,1.17
2014.09.23 01:43:16.840,0.88145,0.88169,1.07,1.10
2014.09.23 01:43:17.143,0.88146,0.88171,1.52,1.00
2014.09.23 01:43:17.244,0.8815,0.88174,1.17,1.47
2014.09.23 01:43:19.190,0.8815,0.88174,1.17,1.20
2014.09.23 01:43:19.963,0.88151,0.88175,1.27,1.00
2014.09.23 01:43:20.476,0.88153,0.88177,1.20,1.07
2014.09.23 01:43:21.442,0.88153,0.88177,1.52,1.00
2014.09.23 01:43:22.769,0.88153,0.88177,1.15,1.10
2014.09.23 01:43:24.198,0.88152,0.88176,1.27,1.00
2014.09.23 01:43:24.299,0.8815,0.88174,1.27,1.00
2014.09.23 01:43:24.501,0.88152,0.88177,1.15,1.20
2014.09.23 01:43:26.453,0.88152,0.88177,1.15,1.10
2014.09.23 01:43:26.965,0.88152,0.88177,1.15,1.00
2014.09.23 01:43:27.474,0.88154,0.88178,1.15,1.00
2014.09.23 01:43:30.980,0.88154,0.88178,1.00,1.15
2014.09.23 01:43:31.484,0.88152,0.88176,1.15,1.00
2014.09.23 01:43:31.585,0.88154,0.88178,1.15,1.00
2014.09.23 01:43:32.100,0.88156,0.8818,1.10,1.17
2014.09.23 01:43:34.650,0.88154,0.88178,1.15,1.00
2014.09.23 01:43:34.851,0.88152,0.88176,1.15,1.00
2014.09.23 01:43:36.022,0.88152,0.88176,1.15,1.10
2014.09.23 01:43:40.141,0.88151,0.88175,1.15,1.00
2014.09.23 01:43:40.600,0.88148,0.88172,3.45,1.00
2014.09.23 01:43:42.790,0.88148,0.88172,1.27,1.00
2014.09.23 01:43:42.841,0.88148,0.88172,1.27,1.00
2014.09.23 01:43:43.319,0.88149,0.88174,1.15,1.10
2014.09.23 01:43:43.420,0.88148,0.88172,1.27,1.00
2014.09.23 01:43:44.082,0.8815,0.88174,1.17,1.10
2014.09.23 01:43:44.794,0.8815,0.88174,1.17,1.00
2014.09.23 01:43:45.180,0.88154,0.88178,1.10,1.17
2014.09.23 01:43:45.409,0.88156,0.8818,1.00,1.52
2014.09.23 01:43:48.410,0.88157,0.88181,1.17,1.95
2014.09.23 01:43:48.917,0.88159,0.88183,1.00,1.52
2014.09.23 01:43:58.537,0.88162,0.88186,1.00,1.52
2014.09.23 01:43:59.167,0.88162,0.88186,1.00,1.52
2014.09.23 01:43:59.377,0.88163,0.88187,1.00,1.20
2014.09.23 01:43:59.528,0.88165,0.88189,1.00,1.52
2014.09.23 01:43:59.831,0.88163,0.88187,1.00,1.17
2014.09.23 01:44:00.169,0.88161,0.88185,1.00,1.15
2014.09.23 01:44:00.371,0.88163,0.88187,1.00,1.52
2014.09.23 01:44:01.946,0.88161,0.88185,1.00,1.27
2014.09.23 01:44:03.470,0.88161,0.88185,1.00,2.02
2014.09.23 01:44:06.071,0.88161,0.88183,1.00,2.32
2014.09.23 01:44:06.273,0.88158,0.88182,1.00,1.27
2014.09.23 01:44:06.799,0.88159,0.88183,1.00,2.32
2014.09.23 01:44:07.270,0.88158,0.8818,1.00,2.70
2014.09.23 01:44:07.321,0.88156,0.8818,1.00,3.45
2014.09.23 01:44:09.179,0.88152,0.8818,1.00,3.07
2014.09.23 01:44:10.271,0.88148,0.88178,1.52,1.15
2014.09.23 01:44:13.383,0.88148,0.88179,3.45,1.15
2014.09.23 01:44:13.434,0.88148,0.88179,3.45,1.15
2014.09.23 01:44:13.556,0.8815,0.88179,2.32,1.07
2014.09.23 01:44:14.080,0.8815,0.88179,4.50,1.00
2014.09.23 01:44:15.440,0.8815,0.88179,2.32,1.07
2014.09.23 01:44:15.491,0.88148,0.88179,1.27,1.15
2014.09.23 01:44:16.305,0.88148,0.88179,1.27,2.32
2014.09.23 01:44:16.355,0.88148,0.88177,1.27,1.15
2014.09.23 01:44:24.198,0.88145,0.88176,1.37,1.20
2014.09.23 01:44:26.222,0.88145,0.88176,1.37,1.47
2014.09.23 01:44:27.186,0.88145,0.88176,1.12,1.47
2014.09.23 01:44:29.593,0.88145,0.88176,1.37,1.20
2014.09.23 01:44:30.124,0.88148,0.88176,1.00,1.10
2014.09.23 01:44:30.586,0.88153,0.88177,2.32,1.00
2014.09.23 01:44:31.138,0.88153,0.88178,2.32,1.00
2014.09.23 01:44:32.153,0.88156,0.88183,2.32,1.00
2014.09.23 01:44:32.304,0.88161,0.88186,2.32,1.00
2014.09.23 01:44:32.406,0.88157,0.88189,1.00,4.50
2014.09.23 01:44:32.979,0.88156,0.88188,1.00,1.15
2014.09.23 01:44:36.131,0.88152,0.88184,1.00,2.32
2014.09.23 01:44:36.483,0.88155,0.88184,1.00,2.32
2014.09.23 01:44:36.885,0.88152,0.88184,1.00,3.07
2014.09.23 01:44:37.408,0.88153,0.88184,1.00,2.32
2014.09.23 01:44:40.729,0.88152,0.88184,1.00,3.07
2014.09.23 01:44:42.050,0.88143,0.88184,1.17,2.32
2014.09.23 01:44:45.611,0.88141,0.88189,4.87,4.50
2014.09.23 01:44:50.808,0.88138,0.88183,2.02,2.32
2014.09.23 01:44:51.121,0.88138,0.88174,1.37,2.32
2014.09.23 01:44:51.175,0.88138,0.88174,1.00,2.32
2014.09.23 01:44:51.739,0.88138,0.88178,1.10,2.32
2014.09.23 01:44:51.890,0.88138,0.88178,1.17,2.32
2014.09.23 01:44:51.940,0.88138,0.88182,1.15,2.32
2014.09.23 01:44:55.119,0.88141,0.88187,1.15,2.32
2014.09.23 01:44:55.220,0.88141,0.88192,1.00,1.00
2014.09.23 01:44:56.008,0.88141,0.88205,1.50,1.00
2014.09.23 01:44:57.022,0.88139,0.88199,1.00,1.00
2014.09.23 01:44:58.028,0.88138,0.88198,1.00,1.00
2014.09.23 01:44:59.043,0.88137,0.88199,1.00,1.00
2014.09.23 01:44:59.647,0.88138,0.88198,1.00,1.00
2014.09.23 01:45:00.231,0.88134,0.88238,1.00,1.00
2014.09.23 01:45:00.282,0.88142,0.88242,1.00,1.37
2014.09.23 01:45:00.383,0.88129,0.88242,0.75,1.00
2014.09.23 01:45:00.433,0.88207,0.8827,0.75,1.50
2014.09.23 01:45:00.484,0.88235,0.8827,0.75,1.50
2014.09.23 01:45:00.593,0.8824,0.88294,1.00,1.00
2014.09.23 01:45:00.744,0.88171,0.88294,1.00,1.00
2014.09.23 01:45:00.845,0.88178,0.88297,1.00,1.50
2014.09.23 01:45:01.149,0.88187,0.88297,0.75,1.50
2014.09.23 01:45:01.461,0.88197,0.88297,1.00,1.50
2014.09.23 01:45:01.765,0.88203,0.88297,1.00,1.50
2014.09.23 01:45:02.067,0.88229,0.88297,1.00,1.50
2014.09.23 01:45:02.642,0.88229,0.88297,1.00,1.87
2014.09.23 01:45:03.565,0.88229,0.88297,1.00,1.87
2014.09.23 01:45:03.867,0.88233,0.88303,1.00,1.37
2014.09.23 01:45:03.967,0.88233,0.88296,1.00,1.50
2014.09.23 01:45:04.396,0.88233,0.88275,1.00,1.00
2014.09.23 01:45:04.598,0.88233,0.88285,1.00,1.00
2014.09.23 01:45:04.850,0.88233,0.8827,1.00,1.00
2014.09.23 01:45:05.051,0.88233,0.88275,1.00,1.00
2014.09.23 01:45:05.203,0.88234,0.88275,1.00,1.37
2014.09.23 01:45:05.304,0.88234,0.88275,0.75,1.00
2014.09.23 01:45:05.405,0.88234,0.88271,1.00,1.00
2014.09.23 01:45:05.456,0.88186,0.88271,1.37,1.00
2014.09.23 01:45:05.556,0.8818,0.88275,1.37,1.00
2014.09.23 01:45:05.657,0.88198,0.88275,1.00,1.00
2014.09.23 01:45:05.808,0.88198,0.88293,1.37,1.37
2014.09.23 01:45:06.010,0.88177,0.883,1.00,1.87
2014.09.23 01:45:06.110,0.88147,0.883,1.12,1.87
2014.09.23 01:45:06.450,0.88179,0.883,1.00,1.87
2014.09.23 01:45:06.653,0.88149,0.883,1.75,1.87
2014.09.23 01:45:06.754,0.88151,0.883,1.75,1.87
2014.09.23 01:45:08.143,0.88184,0.883,0.37,1.87
2014.09.23 01:45:08.193,0.88147,0.883,1.12,1.87
2014.09.23 01:45:09.004,0.88147,0.883,1.12,1.87
2014.09.23 01:45:09.320,0.88159,0.883,1.12,1.87
2014.09.23 01:45:09.423,0.88167,0.883,1.12,1.87
2014.09.23 01:45:09.597,0.88157,0.883,1.12,1.87
2014.09.23 01:45:10.394,0.88205,0.88261,0.75,1.00
2014.09.23 01:45:10.707,0.88209,0.88252,2.32,2.32
2014.09.23 01:45:10.758,0.88206,0.88252,2.32,2.32
2014.09.23 01:45:10.859,0.88205,0.88248,3.07,2.32
2014.09.23 01:45:10.960,0.88205,0.88248,1.15,2.32
2014.09.23 01:45:11.161,0.88206,0.88252,2.32,2.32
2014.09.23 01:45:12.067,0.88202,0.88248,2.32,2.32
2014.09.23 01:45:12.864,0.88198,0.88244,2.32,2.32
2014.09.23 01:45:13.167,0.88196,0.8824,1.15,2.32
2014.09.23 01:45:13.470,0.88211,0.88252,2.32,1.17
2014.09.23 01:45:13.988,0.88211,0.8825,2.32,1.00
2014.09.23 01:45:14.089,0.88206,0.8825,2.32,1.15
2014.09.23 01:45:14.341,0.8821,0.88252,2.32,2.32
2014.09.23 01:45:14.391,0.88211,0.88255,2.32,1.15
2014.09.23 01:45:14.543,0.88211,0.88253,2.32,3.07
2014.09.23 01:45:14.593,0.88206,0.88252,2.32,2.32
2014.09.23 01:45:15.451,0.8821,0.8825,2.32,1.00
2014.09.23 01:45:15.764,0.88215,0.88255,2.32,1.10
2014.09.23 01:45:16.069,0.88211,0.88246,1.00,2.32
2014.09.23 01:45:16.119,0.88207,0.88246,1.00,2.32
2014.09.23 01:45:16.170,0.88207,0.88241,1.00,2.32
2014.09.23 01:45:16.221,0.88205,0.88241,1.57,2.32
2014.09.23 01:45:16.372,0.88205,0.88246,1.50,4.50
2014.09.23 01:45:16.698,0.88206,0.88246,1.07,2.32
2014.09.23 01:45:16.750,0.88208,0.8825,1.17,3.07
2014.09.23 01:45:16.800,0.88208,0.8825,1.17,1.15
2014.09.23 01:45:16.851,0.88208,0.8825,1.15,1.15
2014.09.23 01:45:16.955,0.88211,0.8825,2.32,1.07
2014.09.23 01:45:17.157,0.88208,0.8825,1.15,1.15
2014.09.23 01:45:17.777,0.88212,0.88252,1.07,2.32
2014.09.23 01:45:17.878,0.88212,0.88255,1.15,2.32
2014.09.23 01:45:17.979,0.88213,0.88256,2.32,1.15
2014.09.23 01:45:18.555,0.88218,0.88256,1.15,1.07
2014.09.23 01:45:18.606,0.88218,0.88263,1.15,1.15
2014.09.23 01:45:18.656,0.8822,0.88263,2.32,1.15
2014.09.23 01:45:18.707,0.88221,0.88263,2.32,1.15
2014.09.23 01:45:18.866,0.88221,0.88263,1.17,2.32
2014.09.23 01:45:18.969,0.88224,0.88263,1.00,2.32
2014.09.23 01:45:19.377,0.88224,0.88258,1.00,2.32
2014.09.23 01:45:19.680,0.88224,0.88263,1.15,1.15
2014.09.23 01:45:19.781,0.88226,0.88263,3.07,1.00
2014.09.23 01:45:19.982,0.88226,0.88263,1.00,1.15
2014.09.23 01:45:20.184,0.88223,0.88258,1.00,4.50
2014.09.23 01:45:20.504,0.88223,0.88253,1.00,2.32
2014.09.23 01:45:20.958,0.88223,0.88253,1.37,2.25
2014.09.23 01:45:21.009,0.88223,0.88258,1.47,1.10
2014.09.23 01:45:21.059,0.88235,0.88258,2.25,1.10
2014.09.23 01:45:21.362,0.88246,0.88258,2.32,1.00
2014.09.23 01:45:21.564,0.88246,0.88275,2.32,1.00
2014.09.23 01:45:21.776,0.88238,0.88258,1.00,7.49
2014.09.23 01:45:21.878,0.8823,0.88249,1.00,4.49
2014.09.23 01:45:21.979,0.88227,0.88245,1.00,4.49
2014.09.23 01:45:22.281,0.88204,0.88228,1.37,4.50
2014.09.23 01:45:22.584,0.88203,0.88227,1.37,4.50
2014.09.23 01:45:22.685,0.88203,0.88213,1.12,2.32
2014.09.23 01:45:22.819,0.88204,0.88223,1.00,2.32
2014.09.23 01:45:23.022,0.88211,0.88231,1.00,1.00
2014.09.23 01:45:23.072,0.88211,0.88231,1.07,1.00
2014.09.23 01:45:23.375,0.88214,0.88231,2.32,1.00
2014.09.23 01:45:23.527,0.88212,0.88231,2.32,1.00
2014.09.23 01:45:23.628,0.88212,0.88245,2.32,1.00
2014.09.23 01:45:23.678,0.88219,0.88244,2.25,1.00
2014.09.23 01:45:23.981,0.88227,0.88249,2.70,1.00
2014.09.23 01:45:24.031,0.88238,0.88274,1.00,1.00
2014.09.23 01:45:24.082,0.8824,0.88275,2.32,1.00
2014.09.23 01:45:24.133,0.88245,0.88277,1.17,1.00
2014.09.23 01:45:24.184,0.88255,0.88277,2.32,1.00
2014.09.23 01:45:24.487,0.88255,0.8828,7.49,1.00
2014.09.23 01:45:24.588,0.88268,0.88298,2.32,1.12
2014.09.23 01:45:24.689,0.88263,0.88295,1.00,2.32
2014.09.23 01:45:24.790,0.88263,0.88286,1.00,2.32
2014.09.23 01:45:25.093,0.88263,0.88276,1.00,2.32
2014.09.23 01:45:25.395,0.88259,0.88274,0.75,4.50
2014.09.23 01:45:25.496,0.88263,0.8828,1.00,2.32
2014.09.23 01:45:25.599,0.88233,0.8828,2.32,2.32
2014.09.23 01:45:26.177,0.88233,0.88277,2.32,2.32
2014.09.23 01:45:26.228,0.8823,0.88276,2.32,2.32
2014.09.23 01:45:26.883,0.88236,0.88276,2.32,2.62
2014.09.23 01:45:26.934,0.88237,0.88284,2.32,3.07
2014.09.23 01:45:26.984,0.8824,0.88284,2.32,3.07
2014.09.23 01:45:27.337,0.88245,0.88286,2.32,1.27
2014.09.23 01:45:27.388,0.88245,0.88286,2.32,1.27
2014.09.23 01:45:27.590,0.88248,0.88291,2.32,3.45
2014.09.23 01:45:27.691,0.88249,0.88291,2.32,1.27
