2017.10.17 14:00:00.012,0.80438,0.80446,1.00,1.00
2017.10.17 14:00:00.063,0.80438,0.80444,1.00,1.00
2017.10.17 14:00:00.114,0.80435,0.80443,1.00,1.00
2017.10.17 14:00:00.391,0.80434,0.80445,1.87,1.00
2017.10.17 14:00:01.702,0.80436,0.80446,1.00,1.00
2017.10.17 14:00:02.007,0.80429,0.80439,1.00,1.50
2017.10.17 14:00:02.311,0.80431,0.80442,1.50,2.25
2017.10.17 14:00:02.618,0.80434,0.80444,1.00,2.62
2017.10.17 14:00:02.933,0.80436,0.80444,1.00,1.00
2017.10.17 14:00:05.196,0.80436,0.80441,1.00,1.00
2017.10.17 14:00:05.704,0.80435,0.80441,1.00,1.00
2017.10.17 14:00:06.214,0.80434,0.80441,1.00,1.00
2017.10.17 14:00:07.656,0.80436,0.80441,1.00,1.00
2017.10.17 14:00:11.228,0.80439,0.80443,1.00,1.00
2017.10.17 14:00:11.279,0.80439,0.80443,1.00,1.00
2017.10.17 14:00:11.684,0.80441,0.80445,1.00,1.00
2017.10.17 14:00:11.786,0.80441,0.80445,1.00,1.00
2017.10.17 14:00:12.145,0.80442,0.80447,1.50,1.00
2017.10.17 14:00:12.552,0.80441,0.80445,1.00,1.00
2017.10.17 14:00:12.805,0.80439,0.80443,1.12,1.00
2017.10.17 14:00:13.065,0.80435,0.80443,3.19,1.00
2017.10.17 14:00:13.663,0.80435,0.80443,2.44,1.00
2017.10.17 14:00:14.297,0.80436,0.80443,1.00,1.00
2017.10.17 14:00:16.275,0.80437,0.80443,1.00,1.00
2017.10.17 14:00:16.552,0.80439,0.80443,1.50,1.00
2017.10.17 14:00:16.805,0.80437,0.80444,1.12,1.00
2017.10.17 14:00:16.907,0.80437,0.80442,1.12,1.00
2017.10.17 14:00:17.438,0.80436,0.80442,1.00,1.00
2017.10.17 14:00:17.748,0.80439,0.80443,1.00,1.00
2017.10.17 14:00:18.121,0.80432,0.80438,1.00,1.00
2017.10.17 14:00:18.532,0.8043,0.80434,1.31,1.00
2017.10.17 14:00:18.583,0.80431,0.80436,1.25,1.00
2017.10.17 14:00:18.736,0.80427,0.80433,1.12,1.00
2017.10.17 14:00:19.237,0.80428,0.80434,1.50,1.00
2017.10.17 14:00:19.776,0.80426,0.80434,2.25,1.00
2017.10.17 14:00:19.929,0.80426,0.80432,2.25,1.00
2017.10.17 14:00:20.443,0.80429,0.80433,1.00,1.00
2017.10.17 14:00:21.111,0.80428,0.80432,1.69,1.00
2017.10.17 14:00:21.734,0.80429,0.80433,1.00,1.00
2017.10.17 14:00:22.243,0.8043,0.80434,1.00,1.00
2017.10.17 14:00:22.856,0.80432,0.80436,1.00,1.00
2017.10.17 14:00:23.363,0.80433,0.80437,1.00,1.00
2017.10.17 14:00:23.686,0.80434,0.80438,1.00,1.00
2017.10.17 14:00:23.973,0.80432,0.80436,1.12,1.00
2017.10.17 14:00:24.125,0.80434,0.80438,1.00,1.00
2017.10.17 14:00:24.176,0.80432,0.80436,1.50,1.00
2017.10.17 14:00:24.329,0.80435,0.80439,1.00,1.00
2017.10.17 14:00:24.430,0.80433,0.80437,1.50,1.00
2017.10.17 14:00:25.909,0.80434,0.80438,1.69,1.00
2017.10.17 14:00:26.828,0.80433,0.80437,2.06,1.00
2017.10.17 14:00:28.177,0.80434,0.80438,1.00,1.00
2017.10.17 14:00:33.779,0.80433,0.80437,1.00,1.00
2017.10.17 14:00:34.060,0.80431,0.80435,1.12,1.00
2017.10.17 14:00:34.365,0.80429,0.80433,1.69,1.00
2017.10.17 14:00:34.720,0.80431,0.80435,1.00,1.00
2017.10.17 14:00:35.223,0.8043,0.80434,1.00,1.00
2017.10.17 14:00:35.753,0.80431,0.80435,1.00,1.00
2017.10.17 14:00:36.101,0.80433,0.80437,1.00,1.00
2017.10.17 14:00:37.679,0.80436,0.8044,1.00,1.00
2017.10.17 14:00:37.882,0.80435,0.80439,1.00,1.00
2017.10.17 14:00:38.154,0.80433,0.80437,1.00,1.00
2017.10.17 14:00:38.358,0.80432,0.80436,1.00,1.00
2017.10.17 14:00:38.950,0.80431,0.80435,1.00,1.00
2017.10.17 14:00:39.976,0.80433,0.80437,1.00,1.00
2017.10.17 14:00:40.078,0.80431,0.80435,2.25,1.00
2017.10.17 14:00:40.725,0.80433,0.80437,1.00,1.00
2017.10.17 14:00:42.910,0.80434,0.80438,1.00,1.00
2017.10.17 14:00:43.406,0.80431,0.80435,1.87,1.00
2017.10.17 14:00:43.727,0.80428,0.80432,1.00,1.00
2017.10.17 14:00:43.880,0.8043,0.80435,1.00,1.00
2017.10.17 14:00:43.932,0.8043,0.80434,1.00,1.00
2017.10.17 14:00:44.035,0.80428,0.80432,1.25,1.00
2017.10.17 14:00:44.339,0.80436,0.8044,1.00,2.40
2017.10.17 14:00:44.391,0.80438,0.80442,1.00,1.47
2017.10.17 14:00:44.623,0.80441,0.80445,1.00,1.00
2017.10.17 14:00:44.674,0.80443,0.80447,1.00,1.00
2017.10.17 14:00:44.725,0.80443,0.80447,1.50,1.00
2017.10.17 14:00:44.827,0.80444,0.8045,2.44,1.12
2017.10.17 14:00:45.354,0.80445,0.8045,3.00,1.00
2017.10.17 14:00:45.456,0.80447,0.80451,1.00,1.00
2017.10.17 14:00:47.381,0.80448,0.80452,1.00,1.00
2017.10.17 14:00:48.387,0.80447,0.80451,3.75,1.00
2017.10.17 14:00:50.017,0.80448,0.80452,1.00,1.00
2017.10.17 14:00:50.611,0.80449,0.80453,1.00,1.00
2017.10.17 14:00:51.344,0.80449,0.80453,1.00,1.00
2017.10.17 14:00:54.797,0.80448,0.80452,1.31,1.00
2017.10.17 14:00:55.641,0.80447,0.80452,1.50,1.00
2017.10.17 14:00:56.400,0.80446,0.80451,1.25,1.00
2017.10.17 14:00:56.928,0.80445,0.80451,1.50,1.00
2017.10.17 14:00:57.463,0.80446,0.80451,1.00,1.00
2017.10.17 14:00:57.825,0.80445,0.80449,1.00,1.00
2017.10.17 14:00:58.240,0.80443,0.80449,1.00,1.00
2017.10.17 14:00:59.284,0.80444,0.80449,1.00,1.00
2017.10.17 14:00:59.875,0.80446,0.8045,1.00,1.00
2017.10.17 14:01:00.180,0.80444,0.80449,2.81,1.00
2017.10.17 14:01:00.686,0.80445,0.80449,1.50,1.00
2017.10.17 14:01:01.755,0.80446,0.8045,3.00,1.00
2017.10.17 14:01:02.030,0.80447,0.80451,1.50,1.00
2017.10.17 14:01:02.743,0.80448,0.80452,1.00,1.00
2017.10.17 14:01:03.264,0.80447,0.80451,2.44,1.00
2017.10.17 14:01:03.366,0.80444,0.80451,1.87,1.00
2017.10.17 14:01:03.417,0.80442,0.80448,1.75,1.50
2017.10.17 14:01:03.788,0.80441,0.80445,1.00,1.00
2017.10.17 14:01:04.295,0.8044,0.80445,1.00,1.00
2017.10.17 14:01:04.757,0.80445,0.80449,1.00,1.00
2017.10.17 14:01:04.808,0.80445,0.80449,1.00,1.00
2017.10.17 14:01:05.163,0.80441,0.80448,1.87,1.00
2017.10.17 14:01:05.264,0.8044,0.80445,1.50,1.00
2017.10.17 14:01:05.592,0.80439,0.80444,3.75,1.00
2017.10.17 14:01:05.828,0.8044,0.80446,2.25,1.00
2017.10.17 14:01:06.096,0.80444,0.80448,1.00,1.00
2017.10.17 14:01:06.460,0.80446,0.8045,1.50,1.00
2017.10.17 14:01:06.511,0.80444,0.80449,2.44,1.00
2017.10.17 14:01:06.562,0.80447,0.80451,1.00,1.00
2017.10.17 14:01:07.070,0.80445,0.80449,1.00,1.00
2017.10.17 14:01:07.764,0.80443,0.80449,1.00,1.00
2017.10.17 14:01:08.282,0.80444,0.80449,1.00,1.00
2017.10.17 14:01:08.333,0.80446,0.8045,1.00,1.00
2017.10.17 14:01:08.625,0.80442,0.80449,1.00,1.00
2017.10.17 14:01:08.727,0.8044,0.80449,2.06,1.00
2017.10.17 14:01:09.292,0.80439,0.80448,1.44,1.00
2017.10.17 14:01:09.480,0.80442,0.80448,1.00,1.00
2017.10.17 14:01:09.973,0.80438,0.80448,2.06,1.50
2017.10.17 14:01:10.511,0.8044,0.80448,1.00,2.62
2017.10.17 14:01:11.957,0.8044,0.80446,1.00,1.00
2017.10.17 14:01:12.504,0.80439,0.80446,1.00,1.50
2017.10.17 14:01:13.229,0.80438,0.80446,1.00,1.50
2017.10.17 14:01:13.622,0.80442,0.80448,1.00,3.75
2017.10.17 14:01:13.819,0.80437,0.80446,1.00,1.50
2017.10.17 14:01:14.241,0.80439,0.80446,1.00,1.50
2017.10.17 14:01:14.723,0.80437,0.80446,1.50,1.00
2017.10.17 14:01:15.265,0.80438,0.80446,1.00,1.00
2017.10.17 14:01:17.427,0.8044,0.80446,1.50,1.00
2017.10.17 14:01:17.731,0.8044,0.80448,2.25,1.00
2017.10.17 14:01:18.427,0.8044,0.80448,1.50,1.00
2017.10.17 14:01:19.733,0.80446,0.8045,1.00,1.50
2017.10.17 14:01:19.936,0.80446,0.8045,1.00,1.00
2017.10.17 14:01:20.471,0.80445,0.80451,1.25,1.00
2017.10.17 14:01:20.523,0.80445,0.80453,1.25,1.00
2017.10.17 14:01:21.073,0.80446,0.80455,1.00,1.00
2017.10.17 14:01:21.431,0.80448,0.80455,1.00,1.00
2017.10.17 14:01:21.583,0.80448,0.80457,1.00,1.00
2017.10.17 14:01:21.737,0.80447,0.80454,1.00,1.00
2017.10.17 14:01:21.913,0.80448,0.80456,1.00,1.00
2017.10.17 14:01:22.116,0.8045,0.80456,1.00,1.00
2017.10.17 14:01:23.632,0.80451,0.80456,1.00,1.00
2017.10.17 14:01:23.836,0.80453,0.80459,1.00,1.00
2017.10.17 14:01:23.993,0.80453,0.80462,1.50,1.50
2017.10.17 14:01:24.045,0.80451,0.8046,2.06,1.00
2017.10.17 14:01:24.553,0.80452,0.8046,1.00,1.00
2017.10.17 14:01:25.029,0.80451,0.80458,1.00,1.00
2017.10.17 14:01:25.521,0.80454,0.8046,1.00,1.00
2017.10.17 14:01:25.673,0.80451,0.80461,3.19,1.12
2017.10.17 14:01:25.725,0.80451,0.80459,2.06,1.00
2017.10.17 14:01:26.030,0.80453,0.80459,1.00,1.00
2017.10.17 14:01:26.559,0.80454,0.80459,1.00,1.00
2017.10.17 14:01:26.611,0.80454,0.80461,1.00,1.00
2017.10.17 14:01:26.915,0.80456,0.80461,1.00,1.00
2017.10.17 14:01:27.043,0.80456,0.80463,1.00,1.00
2017.10.17 14:01:27.552,0.80455,0.80463,1.69,1.00
2017.10.17 14:01:27.719,0.80457,0.80463,1.00,1.00
2017.10.17 14:01:27.770,0.80457,0.80465,1.00,1.12
2017.10.17 14:01:27.872,0.80455,0.80465,2.44,1.87
2017.10.17 14:01:27.973,0.80457,0.80465,1.44,2.25
2017.10.17 14:01:28.178,0.80455,0.80463,1.00,1.00
2017.10.17 14:01:28.419,0.80452,0.80461,1.50,1.50
2017.10.17 14:01:28.723,0.80451,0.80459,1.87,1.00
2017.10.17 14:01:29.583,0.80451,0.80461,1.50,1.50
2017.10.17 14:01:29.836,0.80454,0.80461,1.25,1.00
2017.10.17 14:01:30.337,0.80455,0.80462,1.50,1.00
2017.10.17 14:01:30.591,0.80453,0.80462,3.56,1.00
2017.10.17 14:01:31.635,0.80453,0.8046,1.87,1.00
2017.10.17 14:01:33.551,0.80453,0.80462,2.62,1.00
2017.10.17 14:01:33.937,0.80453,0.8046,1.12,1.00
2017.10.17 14:01:34.241,0.8045,0.80458,1.00,1.00
2017.10.17 14:01:34.927,0.80448,0.80458,3.37,1.50
2017.10.17 14:01:36.640,0.80448,0.80458,1.50,1.50
2017.10.17 14:01:37.401,0.80448,0.80456,1.00,1.00
2017.10.17 14:01:37.452,0.80446,0.80456,3.00,1.50
2017.10.17 14:01:37.815,0.80442,0.80451,2.25,1.69
2017.10.17 14:01:37.917,0.80442,0.80449,2.25,1.00
2017.10.17 14:01:38.312,0.80436,0.80444,1.75,1.13
2017.10.17 14:01:38.414,0.80432,0.80442,4.12,2.25
2017.10.17 14:01:38.515,0.80432,0.80442,4.12,2.25
2017.10.17 14:01:39.031,0.80433,0.80442,1.00,1.50
2017.10.17 14:01:39.539,0.80432,0.80442,3.37,2.25
2017.10.17 14:01:40.111,0.80432,0.80442,3.37,2.25
2017.10.17 14:01:40.661,0.80432,0.80442,4.12,2.25
2017.10.17 14:01:40.810,0.80439,0.80443,1.00,1.69
2017.10.17 14:01:41.013,0.80443,0.80451,1.00,1.00
2017.10.17 14:01:41.064,0.80448,0.80455,1.00,1.12
2017.10.17 14:01:41.318,0.80453,0.80461,1.25,1.00
2017.10.17 14:01:41.700,0.80453,0.80458,1.00,1.00
2017.10.17 14:01:41.751,0.80453,0.80461,1.00,2.25
2017.10.17 14:01:42.031,0.80451,0.80461,3.00,2.25
2017.10.17 14:01:42.499,0.80453,0.80461,1.00,2.25
2017.10.17 14:01:44.338,0.80452,0.80459,1.00,1.00
2017.10.17 14:01:44.891,0.80453,0.80461,1.00,1.87
2017.10.17 14:01:45.447,0.80452,0.80461,1.25,1.50
2017.10.17 14:01:45.713,0.80451,0.80459,2.25,1.00
2017.10.17 14:01:46.803,0.8045,0.80456,1.00,1.00
2017.10.17 14:01:47.310,0.8045,0.80458,1.50,1.50
2017.10.17 14:01:47.825,0.8045,0.80458,1.50,1.00
2017.10.17 14:01:48.129,0.80452,0.80458,1.00,1.00
2017.10.17 14:01:48.383,0.8045,0.80458,1.00,1.00
2017.10.17 14:01:48.639,0.80451,0.8046,1.69,1.12
2017.10.17 14:01:48.690,0.80452,0.8046,1.44,1.12
2017.10.17 14:01:51.765,0.80455,0.80462,1.25,1.12
2017.10.17 14:01:52.273,0.80457,0.80461,1.00,1.50
2017.10.17 14:01:52.324,0.80453,0.80463,3.56,3.75
2017.10.17 14:01:52.375,0.80454,0.80463,1.69,3.00
2017.10.17 14:01:52.477,0.80456,0.80465,1.00,3.00
2017.10.17 14:01:52.683,0.80454,0.80464,3.37,2.25
2017.10.17 14:01:53.144,0.80457,0.80464,1.69,1.00
2017.10.17 14:01:53.659,0.80458,0.80465,1.00,1.50
2017.10.17 14:01:54.174,0.80459,0.80465,1.00,1.00
2017.10.17 14:01:54.326,0.80457,0.80465,1.25,1.50
2017.10.17 14:01:54.428,0.80459,0.80465,1.00,1.00
2017.10.17 14:01:54.479,0.80459,0.80467,1.00,1.87
2017.10.17 14:01:54.902,0.80461,0.80469,1.00,1.00
2017.10.17 14:01:55.967,0.8046,0.80469,1.25,1.00
2017.10.17 14:01:56.271,0.80463,0.8047,1.00,1.00
2017.10.17 14:01:56.858,0.80462,0.8047,1.00,1.00
2017.10.17 14:01:57.379,0.80466,0.8047,1.00,1.00
2017.10.17 14:01:57.629,0.80466,0.80472,1.00,1.12
2017.10.17 14:01:57.688,0.80463,0.80472,2.06,1.00
2017.10.17 14:01:57.891,0.80465,0.80472,1.00,1.50
2017.10.17 14:01:58.391,0.80462,0.8047,1.50,1.25
2017.10.17 14:01:58.443,0.8046,0.80467,2.25,1.00
2017.10.17 14:01:58.596,0.80458,0.80467,1.87,1.00
2017.10.17 14:01:59.223,0.80458,0.80467,1.87,1.00
2017.10.17 14:01:59.756,0.80458,0.80467,1.50,1.50
2017.10.17 14:02:00.291,0.80457,0.80466,1.50,1.00
2017.10.17 14:02:00.393,0.80455,0.80464,2.06,1.00
2017.10.17 14:02:00.748,0.80457,0.80465,1.00,1.12
2017.10.17 14:02:01.284,0.80456,0.80465,1.25,1.50
2017.10.17 14:02:01.677,0.8046,0.80465,1.87,1.00
2017.10.17 14:02:01.729,0.8046,0.80469,1.25,1.00
2017.10.17 14:02:01.780,0.80463,0.8047,1.00,1.00
2017.10.17 14:02:02.349,0.80462,0.80471,3.19,1.00
2017.10.17 14:02:02.908,0.80461,0.80469,1.25,1.00
2017.10.17 14:02:03.254,0.80455,0.80463,1.69,1.00
2017.10.17 14:02:03.836,0.80456,0.80463,1.00,1.00
2017.10.17 14:02:04.294,0.80457,0.80465,2.81,1.00
2017.10.17 14:02:04.808,0.80458,0.80466,1.00,1.00
2017.10.17 14:02:05.876,0.80456,0.80466,2.06,2.25
2017.10.17 14:02:06.500,0.80456,0.80465,1.87,1.00
2017.10.17 14:02:07.051,0.80456,0.80466,2.62,2.25
2017.10.17 14:02:08.071,0.80456,0.80465,1.87,1.00
2017.10.17 14:02:08.936,0.80455,0.80464,1.50,1.00
2017.10.17 14:02:09.646,0.80454,0.80462,1.00,1.50
2017.10.17 14:02:10.108,0.80454,0.8046,1.00,1.00
2017.10.17 14:02:10.643,0.80453,0.8046,1.31,1.00
2017.10.17 14:02:11.208,0.80454,0.8046,1.00,1.00
2017.10.17 14:02:11.407,0.80452,0.8046,1.00,1.50
2017.10.17 14:02:12.019,0.80451,0.8046,1.25,1.50
2017.10.17 14:02:12.560,0.8045,0.8046,2.81,1.50
2017.10.17 14:02:13.437,0.80452,0.8046,1.00,1.69
2017.10.17 14:02:15.641,0.80452,0.80458,1.50,1.00
2017.10.17 14:02:16.070,0.80452,0.8046,1.00,1.00
2017.10.17 14:02:16.595,0.80451,0.8046,1.00,2.25
2017.10.17 14:02:17.712,0.80449,0.80457,2.25,1.50
2017.10.17 14:02:17.912,0.80444,0.80453,1.69,1.25
2017.10.17 14:02:18.167,0.80448,0.80454,1.00,1.12
2017.10.17 14:02:18.320,0.80449,0.80457,1.50,1.00
2017.10.17 14:02:20.574,0.8045,0.80457,1.00,1.00
2017.10.17 14:02:20.928,0.80449,0.80455,1.00,1.00
2017.10.17 14:02:21.570,0.80449,0.80457,1.00,1.00
2017.10.17 14:02:22.438,0.8045,0.80457,1.00,1.00
2017.10.17 14:02:22.995,0.8045,0.80457,1.12,1.87
2017.10.17 14:02:23.219,0.80448,0.80456,1.00,1.69
2017.10.17 14:02:23.422,0.80448,0.80454,1.00,1.00
2017.10.17 14:02:23.473,0.80445,0.80454,1.69,1.50
2017.10.17 14:02:26.441,0.80444,0.80453,1.00,1.69
2017.10.17 14:02:27.078,0.80445,0.80454,1.00,1.25
2017.10.17 14:02:27.580,0.80444,0.80453,1.00,3.00
2017.10.17 14:02:28.097,0.80443,0.80452,1.69,1.00
2017.10.17 14:02:28.199,0.80445,0.80452,1.00,1.00
2017.10.17 14:02:29.223,0.80447,0.80454,1.00,1.25
2017.10.17 14:02:29.745,0.80447,0.80453,1.00,1.00
2017.10.17 14:02:30.251,0.80445,0.80454,3.00,1.00
2017.10.17 14:02:30.785,0.80445,0.80454,1.50,1.00
2017.10.17 14:02:31.482,0.80445,0.80455,1.50,3.00
2017.10.17 14:02:32.511,0.80445,0.80454,1.50,1.00
2017.10.17 14:02:33.012,0.80445,0.80455,1.50,2.25
2017.10.17 14:02:34.466,0.80445,0.80454,1.50,1.87
2017.10.17 14:02:34.881,0.80448,0.80454,1.00,1.00
2017.10.17 14:02:35.455,0.80448,0.80455,1.00,1.00
2017.10.17 14:02:37.040,0.80446,0.80455,1.87,2.25
2017.10.17 14:02:37.091,0.80445,0.80452,2.25,1.00
2017.10.17 14:02:37.283,0.80443,0.80452,3.37,1.00
2017.10.17 14:02:37.789,0.80443,0.80453,2.62,2.25
2017.10.17 14:02:38.313,0.80443,0.80453,2.81,2.44
2017.10.17 14:02:38.719,0.80443,0.80451,1.69,1.00
2017.10.17 14:02:39.386,0.80443,0.8045,1.00,1.00
2017.10.17 14:02:39.906,0.80442,0.8045,1.00,1.00
2017.10.17 14:02:40.436,0.8044,0.80449,2.25,1.50
2017.10.17 14:02:40.791,0.80442,0.80449,1.00,1.00
2017.10.17 14:02:41.297,0.80442,0.8045,2.25,1.00
2017.10.17 14:02:43.009,0.80442,0.80452,2.25,1.50
2017.10.17 14:02:43.994,0.80442,0.8045,1.00,1.69
2017.10.17 14:02:44.045,0.8044,0.80449,1.87,1.00
2017.10.17 14:02:44.147,0.80439,0.80446,2.25,1.00
2017.10.17 14:02:44.544,0.8044,0.80448,1.00,1.00
2017.10.17 14:02:45.117,0.8044,0.80449,1.50,1.00
2017.10.17 14:02:46.281,0.8044,0.80448,1.00,1.00
2017.10.17 14:02:46.615,0.80443,0.80449,1.25,1.00
2017.10.17 14:02:46.716,0.80444,0.80451,1.00,1.00
2017.10.17 14:02:47.246,0.80442,0.80451,1.50,1.00
2017.10.17 14:02:50.297,0.80444,0.80451,1.00,1.00
2017.10.17 14:02:52.578,0.80441,0.80451,2.25,1.50
2017.10.17 14:02:52.730,0.80441,0.80451,1.50,1.50
2017.10.17 14:02:53.232,0.80442,0.80451,1.12,1.50
2017.10.17 14:02:53.800,0.80442,0.8045,1.12,1.00
2017.10.17 14:02:54.307,0.80441,0.80449,1.00,1.00
2017.10.17 14:02:54.847,0.80442,0.80449,1.00,1.00
2017.10.17 14:02:55.376,0.80442,0.80448,1.00,1.00
2017.10.17 14:02:55.989,0.8044,0.80448,1.50,1.00
2017.10.17 14:02:56.490,0.8044,0.80449,2.62,1.00
2017.10.17 14:02:57.383,0.80442,0.80449,1.00,1.00
2017.10.17 14:02:57.485,0.80444,0.80449,1.00,1.00
2017.10.17 14:02:58.353,0.80444,0.80451,1.50,1.00
2017.10.17 14:03:03.641,0.80442,0.8045,1.00,1.25
2017.10.17 14:03:04.283,0.80441,0.80449,1.12,1.00
2017.10.17 14:03:05.163,0.80442,0.80449,1.25,1.00
2017.10.17 14:03:05.699,0.80439,0.80449,4.12,1.50
2017.10.17 14:03:05.750,0.80446,0.8045,1.00,1.00
2017.10.17 14:03:05.988,0.80448,0.80454,1.00,1.37
2017.10.17 14:03:06.039,0.80448,0.80454,1.00,1.00
2017.10.17 14:03:06.090,0.80448,0.80452,1.00,1.00
2017.10.17 14:03:06.447,0.80448,0.80454,1.00,1.00
2017.10.17 14:03:06.773,0.80445,0.80453,1.00,1.00
2017.10.17 14:03:06.908,0.80443,0.8045,1.50,1.00
2017.10.17 14:03:07.414,0.80445,0.8045,1.00,1.00
2017.10.17 14:03:07.795,0.80442,0.80447,1.50,1.00
2017.10.17 14:03:08.250,0.80441,0.80447,1.25,1.00
2017.10.17 14:03:08.754,0.8044,0.80447,1.00,1.00
2017.10.17 14:03:09.154,0.80442,0.80447,1.00,1.00
2017.10.17 14:03:09.390,0.80442,0.8045,1.00,1.00
2017.10.17 14:03:09.770,0.80443,0.80452,1.25,2.25
2017.10.17 14:03:10.667,0.80443,0.8045,1.25,1.00
2017.10.17 14:03:11.652,0.80443,0.80452,1.25,1.50
2017.10.17 14:03:12.387,0.80444,0.80452,1.25,1.50
2017.10.17 14:03:12.663,0.80444,0.8045,1.25,1.00
2017.10.17 14:03:13.237,0.80444,0.80451,1.25,1.00
2017.10.17 14:03:13.754,0.80444,0.80452,1.87,1.50
2017.10.17 14:03:14.090,0.80446,0.80454,1.69,1.00
2017.10.17 14:03:14.612,0.80447,0.80453,1.69,1.00
2017.10.17 14:03:15.136,0.80447,0.80454,1.69,1.00
2017.10.17 14:03:15.668,0.80447,0.80456,1.50,1.50
2017.10.17 14:03:16.211,0.80448,0.80456,1.25,1.00
2017.10.17 14:03:16.756,0.80449,0.80457,1.50,1.00
2017.10.17 14:03:16.909,0.80449,0.80455,1.00,1.00
2017.10.17 14:03:17.012,0.80449,0.80457,1.50,1.00
2017.10.17 14:03:17.165,0.80449,0.80455,1.50,1.00
2017.10.17 14:03:17.671,0.80449,0.80456,1.50,1.00
2017.10.17 14:03:17.951,0.80447,0.80455,1.00,1.00
2017.10.17 14:03:18.455,0.80447,0.80456,1.00,1.00
2017.10.17 14:03:18.661,0.80447,0.80454,1.00,1.00
2017.10.17 14:03:19.412,0.80451,0.80457,1.00,1.00
2017.10.17 14:03:19.513,0.80451,0.80459,1.00,1.87
2017.10.17 14:03:20.411,0.8045,0.80458,1.50,1.00
2017.10.17 14:03:21.061,0.8045,0.80457,1.50,1.00
2017.10.17 14:03:21.511,0.8045,0.80459,1.50,2.25
2017.10.17 14:03:22.060,0.8045,0.80457,1.00,2.25
2017.10.17 14:03:22.592,0.8045,0.80458,1.00,1.00
2017.10.17 14:03:23.184,0.8045,0.80459,1.12,1.69
2017.10.17 14:03:23.493,0.80452,0.80459,1.00,1.69
2017.10.17 14:03:25.095,0.80452,0.8046,1.69,1.00
2017.10.17 14:03:25.398,0.80454,0.8046,1.00,1.00
2017.10.17 14:03:25.936,0.80454,0.80461,1.00,1.00
2017.10.17 14:03:26.846,0.80454,0.8046,1.00,1.00
2017.10.17 14:03:27.402,0.80454,0.80461,1.00,1.69
2017.10.17 14:03:27.944,0.80454,0.8046,1.00,1.00
2017.10.17 14:03:28.748,0.80454,0.80461,1.00,1.69
2017.10.17 14:03:28.851,0.80454,0.80463,2.62,1.12
2017.10.17 14:03:28.903,0.80456,0.80464,1.00,1.87
2017.10.17 14:03:29.288,0.80459,0.80464,1.50,1.00
2017.10.17 14:03:29.340,0.80459,0.80467,1.00,1.00
2017.10.17 14:03:30.235,0.80459,0.80468,1.00,2.81
2017.10.17 14:03:30.338,0.80461,0.80468,1.00,1.25
2017.10.17 14:03:30.835,0.80459,0.80468,1.69,1.00
2017.10.17 14:03:31.624,0.80457,0.80461,1.00,1.50
2017.10.17 14:03:31.777,0.8045,0.80459,2.06,1.00
2017.10.17 14:03:32.079,0.80453,0.80461,1.50,1.12
2017.10.17 14:03:32.684,0.80453,0.80462,1.50,1.00
2017.10.17 14:03:38.065,0.80453,0.80461,1.50,1.00
2017.10.17 14:03:38.448,0.80456,0.80461,1.00,1.00
2017.10.17 14:03:38.550,0.80457,0.80464,1.00,1.00
2017.10.17 14:03:39.033,0.80458,0.80467,1.00,1.50
2017.10.17 14:03:39.561,0.80459,0.80467,1.00,1.50
2017.10.17 14:03:40.096,0.80459,0.80468,1.50,1.69
2017.10.17 14:03:40.613,0.80459,0.80467,1.50,1.00
2017.10.17 14:03:41.313,0.80459,0.80468,1.50,1.69
2017.10.17 14:03:41.595,0.80461,0.80467,1.00,1.00
2017.10.17 14:03:41.811,0.80461,0.80469,1.00,1.00
2017.10.17 14:03:42.206,0.80461,0.80465,1.00,1.00
2017.10.17 14:03:42.257,0.80456,0.80464,1.12,1.87
2017.10.17 14:03:42.311,0.80454,0.80463,1.00,1.00
2017.10.17 14:03:43.834,0.80455,0.80464,1.00,1.00
2017.10.17 14:03:43.885,0.80457,0.80465,1.00,1.87
2017.10.17 14:03:44.415,0.80456,0.80466,3.00,1.69
2017.10.17 14:03:44.945,0.80456,0.80465,1.50,1.00
2017.10.17 14:03:45.522,0.80456,0.80466,2.25,1.69
2017.10.17 14:03:45.844,0.80458,0.80466,1.50,1.25
2017.10.17 14:03:46.309,0.80462,0.80467,1.00,1.00
2017.10.17 14:03:46.562,0.8046,0.80467,1.12,1.00
2017.10.17 14:03:47.277,0.80459,0.80467,2.25,1.00
2017.10.17 14:03:47.592,0.80461,0.80467,1.00,1.00
2017.10.17 14:03:47.745,0.80461,0.80469,1.00,1.00
2017.10.17 14:03:50.321,0.80461,0.80467,1.00,1.00
2017.10.17 14:03:50.859,0.80461,0.80468,1.50,1.00
2017.10.17 14:03:51.376,0.80461,0.80469,1.50,1.00
2017.10.17 14:03:51.903,0.80461,0.8047,1.50,2.44
2017.10.17 14:03:52.465,0.80461,0.80469,1.50,1.00
2017.10.17 14:03:53.541,0.80461,0.8047,1.50,2.44
2017.10.17 14:03:54.137,0.80461,0.80469,1.50,1.00
2017.10.17 14:03:54.645,0.80461,0.8047,2.25,1.00
2017.10.17 14:03:56.300,0.80464,0.8047,1.00,1.00
2017.10.17 14:03:56.836,0.80463,0.8047,1.00,1.00
2017.10.17 14:03:57.478,0.80464,0.8047,1.00,1.00
2017.10.17 14:03:58.515,0.80465,0.8047,1.00,1.00
2017.10.17 14:03:59.173,0.80466,0.80472,1.00,1.00
2017.10.17 14:04:00.040,0.80465,0.80472,1.00,1.00
2017.10.17 14:04:00.591,0.80464,0.80468,1.00,1.00
2017.10.17 14:04:01.138,0.80465,0.80469,1.00,1.00
2017.10.17 14:04:01.640,0.80464,0.80468,1.00,1.00
2017.10.17 14:04:02.113,0.80464,0.8047,1.00,1.00
2017.10.17 14:04:02.627,0.80465,0.80469,1.00,1.00
2017.10.17 14:04:02.728,0.80467,0.80471,1.00,1.00
2017.10.17 14:04:03.114,0.80467,0.80471,1.00,1.00
2017.10.17 14:04:03.657,0.80466,0.8047,1.00,1.00
2017.10.17 14:04:04.011,0.80465,0.8047,1.50,1.00
2017.10.17 14:04:04.164,0.80465,0.80473,1.50,2.25
2017.10.17 14:04:04.678,0.80465,0.80472,1.00,1.00
2017.10.17 14:04:05.264,0.80465,0.80471,1.00,1.00
2017.10.17 14:04:05.595,0.8047,0.80474,1.00,1.00
2017.10.17 14:04:05.747,0.80471,0.80478,1.00,1.69
2017.10.17 14:04:05.849,0.80474,0.8048,1.00,1.00
2017.10.17 14:04:06.222,0.80474,0.80482,1.00,2.44
2017.10.17 14:04:07.071,0.80474,0.8048,1.00,1.00
2017.10.17 14:04:07.646,0.80474,0.80482,1.00,3.37
2017.10.17 14:04:08.376,0.80475,0.80482,1.00,1.50
2017.10.17 14:04:08.923,0.80474,0.80482,1.00,2.62
2017.10.17 14:04:09.075,0.80473,0.8048,1.00,1.44
2017.10.17 14:04:09.585,0.80474,0.8048,1.00,1.00
2017.10.17 14:04:10.103,0.80473,0.80479,1.00,1.00
2017.10.17 14:04:10.637,0.80474,0.8048,1.00,1.00
2017.10.17 14:04:10.941,0.80468,0.80474,1.00,1.00
2017.10.17 14:04:11.347,0.80469,0.80476,1.00,1.50
2017.10.17 14:04:11.544,0.80467,0.80474,1.50,1.69
2017.10.17 14:04:11.875,0.80467,0.80472,1.00,1.00
2017.10.17 14:04:12.129,0.80467,0.80474,1.00,1.87
2017.10.17 14:04:12.281,0.80467,0.80472,1.00,1.00
2017.10.17 14:04:12.467,0.80468,0.80474,1.00,1.12
2017.10.17 14:04:13.009,0.80467,0.80475,1.00,1.50
2017.10.17 14:04:13.441,0.80465,0.80473,1.00,1.00
2017.10.17 14:04:13.747,0.80468,0.80475,1.00,1.12
2017.10.17 14:04:14.273,0.80467,0.80475,1.00,2.25
2017.10.17 14:04:14.807,0.80467,0.80473,1.00,1.00
2017.10.17 14:04:15.361,0.80466,0.80473,1.00,1.00
2017.10.17 14:04:15.902,0.80467,0.80473,1.00,1.50
2017.10.17 14:04:16.451,0.80466,0.80473,1.00,1.50
2017.10.17 14:04:17.391,0.80465,0.80473,1.50,2.25
2017.10.17 14:04:17.696,0.80474,0.80483,1.00,2.63
2017.10.17 14:04:17.798,0.80476,0.80483,1.00,1.69
2017.10.17 14:04:18.317,0.80477,0.80485,1.00,2.81
2017.10.17 14:04:18.419,0.80477,0.80483,1.00,1.00
2017.10.17 14:04:18.926,0.80476,0.80483,1.00,1.00
2017.10.17 14:04:19.455,0.80476,0.80484,1.00,3.37
2017.10.17 14:04:19.962,0.80482,0.80486,1.00,1.87
2017.10.17 14:04:20.226,0.80486,0.80493,1.00,1.25
2017.10.17 14:04:20.736,0.80486,0.80494,1.00,2.06
2017.10.17 14:04:20.990,0.80485,0.80493,1.00,2.81
2017.10.17 14:04:22.240,0.80486,0.80493,1.00,2.25
2017.10.17 14:04:22.544,0.80477,0.80482,1.00,1.00
2017.10.17 14:04:23.354,0.80478,0.80482,1.00,1.00
2017.10.17 14:04:24.494,0.80477,0.80482,1.00,1.00
2017.10.17 14:04:27.067,0.80478,0.80482,1.00,1.00
2017.10.17 14:04:27.521,0.80479,0.80484,1.00,1.87
2017.10.17 14:04:29.007,0.8048,0.80484,1.00,1.00
2017.10.17 14:04:29.634,0.8048,0.80485,1.00,1.50
2017.10.17 14:04:30.071,0.80477,0.80484,1.00,1.00
2017.10.17 14:04:30.122,0.80477,0.80482,1.00,1.00
2017.10.17 14:04:30.848,0.80476,0.80482,1.00,1.00
2017.10.17 14:04:30.898,0.80474,0.80481,1.00,1.00
2017.10.17 14:04:30.949,0.80474,0.80479,1.00,1.00
2017.10.17 14:04:32.262,0.80472,0.80479,1.00,1.00
2017.10.17 14:04:32.964,0.80473,0.80479,1.00,1.00
2017.10.17 14:04:34.482,0.80474,0.80479,1.00,1.00
2017.10.17 14:04:34.659,0.80472,0.80479,1.00,1.00
2017.10.17 14:04:34.915,0.80474,0.80481,1.00,1.00
2017.10.17 14:04:35.476,0.80474,0.8048,1.00,1.00
2017.10.17 14:04:36.424,0.80475,0.8048,1.00,1.00
2017.10.17 14:04:38.154,0.80475,0.80482,1.00,1.12
2017.10.17 14:04:38.696,0.80476,0.80482,1.00,1.12
2017.10.17 14:04:40.157,0.80475,0.80482,1.00,1.12
2017.10.17 14:04:40.348,0.80477,0.80483,1.00,1.69
2017.10.17 14:04:40.703,0.80475,0.8048,1.00,1.00
2017.10.17 14:04:40.755,0.80475,0.80482,1.00,1.00
2017.10.17 14:04:41.022,0.80474,0.8048,1.00,1.00
2017.10.17 14:04:41.530,0.80475,0.8048,1.00,1.25
2017.10.17 14:04:41.682,0.80473,0.80481,1.00,1.87
2017.10.17 14:04:42.201,0.80474,0.80481,1.00,1.12
2017.10.17 14:04:42.552,0.80472,0.8048,1.50,1.00
2017.10.17 14:04:42.654,0.80473,0.80478,1.00,1.00
2017.10.17 14:04:43.193,0.80472,0.80478,1.00,1.00
2017.10.17 14:04:44.026,0.80471,0.80478,1.00,1.00
2017.10.17 14:04:44.128,0.80472,0.8048,1.13,2.25
2017.10.17 14:04:44.229,0.80475,0.8048,1.00,2.25
2017.10.17 14:04:44.787,0.80476,0.80482,1.00,2.25
2017.10.17 14:04:44.987,0.80476,0.80484,1.00,2.06
2017.10.17 14:04:45.089,0.80478,0.80484,1.00,1.00
2017.10.17 14:04:45.613,0.80477,0.80484,1.00,1.00
2017.10.17 14:04:46.308,0.80476,0.80484,1.00,1.00
2017.10.17 14:04:47.106,0.80477,0.80484,1.00,1.00
2017.10.17 14:04:49.615,0.80478,0.80484,1.00,1.00
2017.10.17 14:04:49.919,0.80481,0.80486,1.00,1.00
2017.10.17 14:04:50.103,0.80479,0.80486,1.00,1.00
2017.10.17 14:04:50.357,0.80477,0.80485,2.25,1.00
2017.10.17 14:04:50.932,0.80478,0.80486,1.00,2.06
2017.10.17 14:04:51.337,0.8048,0.80486,1.00,1.00
2017.10.17 14:04:51.889,0.80481,0.80486,1.00,1.00
2017.10.17 14:04:52.927,0.80482,0.80486,1.00,1.00
2017.10.17 14:04:53.384,0.8048,0.80486,1.00,1.00
2017.10.17 14:04:53.939,0.80479,0.80486,1.00,2.25
2017.10.17 14:04:54.600,0.80479,0.80483,1.00,1.00
2017.10.17 14:04:54.652,0.80477,0.80483,1.00,1.00
2017.10.17 14:04:55.029,0.80476,0.80481,1.00,1.00
2017.10.17 14:04:55.645,0.80475,0.80481,1.00,1.00
2017.10.17 14:04:55.849,0.80473,0.8048,1.00,1.69
2017.10.17 14:04:56.356,0.80474,0.80481,1.00,1.50
2017.10.17 14:04:57.553,0.80475,0.80481,1.00,1.00
2017.10.17 14:04:57.655,0.80476,0.80483,1.00,1.00
2017.10.17 14:04:58.061,0.80479,0.80483,1.00,1.00
2017.10.17 14:04:58.587,0.8048,0.80484,1.00,1.00
2017.10.17 14:04:58.850,0.8048,0.80485,1.00,1.00
2017.10.17 14:04:59.404,0.80481,0.80485,1.00,1.00
2017.10.17 14:04:59.456,0.80481,0.80487,1.00,1.00
2017.10.17 14:05:00.007,0.80482,0.80487,1.00,1.00
2017.10.17 14:05:00.109,0.80482,0.80489,1.00,1.00
2017.10.17 14:05:00.867,0.80483,0.80489,1.00,1.00
2017.10.17 14:05:01.493,0.80484,0.80489,1.00,1.00
2017.10.17 14:05:02.008,0.80483,0.80489,1.00,1.00
2017.10.17 14:05:02.364,0.80485,0.80492,1.00,1.25
2017.10.17 14:05:02.870,0.80484,0.80492,1.00,1.88
2017.10.17 14:05:03.355,0.80483,0.80491,1.00,1.44
2017.10.17 14:05:03.659,0.8048,0.80488,3.00,1.69
2017.10.17 14:05:04.181,0.80481,0.80489,1.00,1.25
2017.10.17 14:05:04.687,0.80482,0.8049,1.00,2.62
2017.10.17 14:05:07.302,0.8048,0.80486,1.00,1.00
2017.10.17 14:05:07.808,0.8048,0.80487,1.00,1.50
2017.10.17 14:05:08.432,0.8048,0.80486,1.00,1.00
2017.10.17 14:05:08.954,0.8048,0.80485,1.00,1.00
2017.10.17 14:05:10.443,0.80479,0.80485,1.00,1.00
2017.10.17 14:05:11.130,0.80478,0.80485,1.00,2.44
2017.10.17 14:05:11.667,0.80477,0.80484,1.00,1.00
2017.10.17 14:05:12.598,0.80474,0.80481,2.25,1.00
2017.10.17 14:05:12.649,0.80475,0.80483,1.12,2.44
2017.10.17 14:05:12.801,0.80476,0.8048,1.00,1.00
2017.10.17 14:05:13.354,0.80477,0.80481,1.00,1.00
2017.10.17 14:05:14.329,0.80476,0.8048,1.00,1.00
2017.10.17 14:05:14.849,0.80477,0.80481,1.00,1.00
2017.10.17 14:05:15.979,0.80476,0.8048,1.00,1.00
2017.10.17 14:05:16.485,0.80477,0.80481,1.00,1.00
2017.10.17 14:05:17.184,0.80476,0.8048,1.00,1.00
2017.10.17 14:05:17.689,0.80477,0.80481,1.00,1.00
2017.10.17 14:05:17.841,0.80473,0.8048,2.06,1.00
2017.10.17 14:05:18.353,0.80474,0.8048,1.00,1.00
2017.10.17 14:05:18.863,0.80473,0.8048,1.00,1.00
2017.10.17 14:05:19.411,0.80472,0.8048,1.00,1.50
2017.10.17 14:05:20.081,0.80471,0.8048,1.00,1.50
2017.10.17 14:05:20.209,0.80468,0.80473,1.87,1.00
2017.10.17 14:05:20.411,0.80464,0.80471,1.00,1.00
2017.10.17 14:05:23.958,0.80465,0.80471,1.50,1.00
2017.10.17 14:05:24.116,0.80466,0.80474,1.25,1.00
2017.10.17 14:05:25.378,0.80465,0.80474,1.69,1.00
2017.10.17 14:05:25.934,0.80464,0.80473,2.06,1.00
2017.10.17 14:05:26.754,0.80462,0.80471,1.25,1.50
2017.10.17 14:05:27.266,0.80461,0.80471,3.00,3.00
2017.10.17 14:05:27.821,0.80461,0.80471,3.00,2.25
2017.10.17 14:05:28.681,0.80463,0.80471,1.00,1.50
2017.10.17 14:05:30.378,0.80464,0.80471,1.25,1.00
2017.10.17 14:05:31.479,0.80464,0.80473,1.25,1.00
2017.10.17 14:05:32.739,0.80463,0.80473,1.50,1.50
2017.10.17 14:05:34.848,0.80464,0.80469,1.00,1.00
2017.10.17 14:05:35.193,0.8046,0.80468,1.00,1.00
2017.10.17 14:05:35.244,0.80458,0.80468,2.06,1.50
2017.10.17 14:05:35.295,0.8046,0.80468,1.00,1.00
2017.10.17 14:05:35.663,0.8046,0.80466,1.00,1.00
2017.10.17 14:05:35.714,0.80457,0.80466,1.00,1.50
2017.10.17 14:05:35.816,0.80457,0.80464,1.25,1.00
2017.10.17 14:05:36.070,0.80457,0.80466,1.12,1.50
2017.10.17 14:05:36.611,0.80458,0.80466,1.00,1.25
2017.10.17 14:05:37.235,0.80462,0.80469,1.00,1.12
2017.10.17 14:05:37.540,0.80464,0.80469,1.00,1.00
2017.10.17 14:05:37.987,0.80464,0.80471,1.00,1.00
2017.10.17 14:05:38.038,0.80461,0.80471,2.81,1.00
2017.10.17 14:05:38.559,0.80461,0.80471,3.19,1.00
2017.10.17 14:05:38.825,0.80461,0.80469,1.12,1.50
2017.10.17 14:05:38.876,0.80458,0.80467,1.12,1.50
2017.10.17 14:05:39.130,0.8046,0.80467,1.00,1.50
2017.10.17 14:05:39.642,0.80461,0.80467,1.00,1.00
2017.10.17 14:05:40.292,0.80461,0.80469,1.00,1.00
2017.10.17 14:05:40.753,0.80459,0.80469,1.50,2.25
2017.10.17 14:05:41.017,0.80459,0.80467,1.25,1.00
2017.10.17 14:05:45.580,0.80458,0.80467,1.00,1.00
2017.10.17 14:05:46.121,0.80459,0.80467,1.00,1.00
2017.10.17 14:05:48.167,0.80459,0.80465,1.00,1.00
2017.10.17 14:05:48.668,0.80459,0.80464,1.00,1.00
2017.10.17 14:05:52.168,0.80457,0.80464,1.00,1.00
2017.10.17 14:05:52.543,0.80455,0.80464,1.00,1.25
2017.10.17 14:05:53.327,0.80456,0.80464,1.00,1.00
2017.10.17 14:05:53.854,0.80455,0.80464,1.50,1.00
2017.10.17 14:05:55.645,0.80457,0.80464,1.00,1.00
2017.10.17 14:06:02.462,0.80455,0.80464,1.50,1.00
2017.10.17 14:06:03.466,0.80455,0.80463,1.00,1.00
2017.10.17 14:06:04.011,0.80454,0.80462,1.00,1.00
2017.10.17 14:06:05.223,0.80454,0.80463,1.50,1.25
2017.10.17 14:06:06.147,0.80454,0.80464,1.69,3.75
2017.10.17 14:06:06.674,0.80454,0.80463,1.50,1.00
2017.10.17 14:06:07.277,0.80454,0.80464,1.50,3.75
2017.10.17 14:06:07.963,0.80452,0.80461,2.62,1.00
2017.10.17 14:06:15.649,0.80454,0.80461,1.00,1.00
2017.10.17 14:06:16.948,0.80452,0.80461,1.00,1.50
2017.10.17 14:06:18.527,0.80451,0.80461,1.87,2.44
2017.10.17 14:06:19.356,0.80452,0.80461,1.00,1.50
2017.10.17 14:06:19.898,0.80451,0.80461,1.50,2.44
2017.10.17 14:06:20.407,0.80452,0.80461,1.00,1.00
2017.10.17 14:06:27.041,0.80452,0.80459,1.00,1.00
2017.10.17 14:06:29.095,0.80451,0.80459,1.00,1.50
2017.10.17 14:06:29.974,0.80452,0.80459,1.00,1.00
2017.10.17 14:06:30.552,0.80451,0.80459,2.63,1.00
2017.10.17 14:06:33.727,0.80453,0.80459,1.00,1.00
2017.10.17 14:06:35.941,0.80451,0.80459,1.12,1.00
2017.10.17 14:06:49.492,0.80447,0.80456,3.00,1.00
2017.10.17 14:06:49.594,0.80447,0.80456,2.25,1.00
2017.10.17 14:06:50.687,0.80447,0.80455,1.69,1.00
2017.10.17 14:06:51.989,0.80449,0.80455,1.69,1.00
2017.10.17 14:06:52.040,0.8045,0.80457,1.00,1.00
2017.10.17 14:06:52.551,0.80449,0.80457,1.69,1.00
2017.10.17 14:06:53.368,0.80447,0.80457,5.25,1.50
2017.10.17 14:06:53.945,0.8045,0.80457,1.00,1.00
2017.10.17 14:06:54.729,0.80451,0.80457,1.00,1.00
2017.10.17 14:06:55.417,0.80452,0.80457,1.50,1.00
2017.10.17 14:07:10.383,0.80449,0.80457,1.87,1.00
2017.10.17 14:07:12.797,0.80448,0.80457,3.00,1.00
2017.10.17 14:07:12.958,0.80448,0.80455,3.00,1.00
2017.10.17 14:07:13.461,0.80449,0.80455,1.00,1.00
2017.10.17 14:07:16.095,0.8045,0.80455,1.00,1.00
2017.10.17 14:07:16.827,0.80451,0.80458,1.50,1.00
2017.10.17 14:07:18.885,0.80453,0.80458,1.00,1.00
2017.10.17 14:07:26.133,0.80451,0.80458,1.00,1.13
2017.10.17 14:07:26.669,0.80452,0.80458,1.00,1.00
2017.10.17 14:07:28.149,0.8045,0.80458,2.44,1.00
2017.10.17 14:07:30.647,0.80449,0.80458,1.87,1.00
2017.10.17 14:07:31.170,0.8045,0.80458,1.25,1.00
2017.10.17 14:07:34.125,0.80451,0.80458,1.00,1.00
2017.10.17 14:07:34.852,0.8045,0.80458,1.00,1.00
2017.10.17 14:07:35.417,0.80451,0.80458,1.00,1.00
2017.10.17 14:07:35.702,0.80453,0.80458,1.00,1.00
2017.10.17 14:07:39.380,0.80453,0.8046,1.00,1.00
2017.10.17 14:07:40.183,0.80454,0.8046,1.00,1.00
2017.10.17 14:07:43.049,0.80453,0.8046,1.00,1.00
2017.10.17 14:07:43.151,0.8045,0.80459,3.00,1.54
2017.10.17 14:07:43.658,0.8045,0.80458,1.50,1.35
2017.10.17 14:07:48.742,0.80448,0.80458,4.12,1.69
2017.10.17 14:07:49.032,0.80451,0.80458,1.25,1.00
2017.10.17 14:07:49.337,0.80456,0.80463,1.00,1.00
2017.10.17 14:07:50.262,0.80455,0.80463,1.25,1.00
2017.10.17 14:07:50.936,0.80454,0.80462,1.12,1.00
2017.10.17 14:07:51.555,0.80454,0.80461,1.00,1.00
2017.10.17 14:07:52.064,0.80453,0.80461,1.25,1.00
2017.10.17 14:07:54.319,0.80452,0.80458,1.00,1.00
2017.10.17 14:07:54.472,0.80448,0.80457,1.50,1.00
2017.10.17 14:07:54.624,0.8045,0.80457,1.00,1.00
2017.10.17 14:07:59.668,0.80451,0.80457,1.25,1.00
2017.10.17 14:07:59.719,0.80452,0.8046,1.25,1.50
2017.10.17 14:07:59.770,0.80453,0.80462,1.50,1.00
2017.10.17 14:08:02.478,0.80454,0.80462,1.00,1.50
2017.10.17 14:08:02.530,0.80456,0.80462,1.00,1.00
2017.10.17 14:08:02.631,0.80456,0.80464,1.25,1.50
2017.10.17 14:08:03.372,0.80455,0.80464,1.25,1.50
2017.10.17 14:08:06.039,0.80456,0.80464,1.00,1.50
2017.10.17 14:08:07.201,0.80455,0.80464,1.00,2.25
2017.10.17 14:08:08.010,0.80456,0.80464,1.00,1.50
2017.10.17 14:08:08.370,0.80454,0.80464,2.25,2.10
2017.10.17 14:08:08.676,0.80456,0.80464,1.00,1.00
2017.10.17 14:08:11.599,0.80454,0.80463,1.87,1.00
2017.10.17 14:08:13.834,0.80453,0.80462,1.87,1.00
2017.10.17 14:08:14.448,0.80453,0.80462,1.69,1.00
2017.10.17 14:08:18.147,0.80454,0.80462,1.00,1.00
2017.10.17 14:08:18.660,0.80454,0.80463,1.87,1.00
2017.10.17 14:08:19.168,0.80455,0.80464,1.69,1.00
2017.10.17 14:08:19.219,0.80457,0.80466,1.25,1.50
2017.10.17 14:08:19.749,0.80456,0.80465,1.25,1.00
2017.10.17 14:08:20.261,0.80455,0.80464,1.87,1.00
2017.10.17 14:08:21.287,0.80456,0.80464,1.00,1.00
2017.10.17 14:08:23.307,0.80455,0.80464,2.06,1.00
2017.10.17 14:08:24.660,0.80456,0.80464,1.00,1.00
2017.10.17 14:08:24.989,0.80458,0.80465,1.00,1.00
2017.10.17 14:08:28.525,0.8046,0.80465,1.00,1.00
2017.10.17 14:08:29.312,0.8046,0.80467,1.00,1.12
2017.10.17 14:08:29.857,0.80457,0.80461,1.00,1.69
2017.10.17 14:08:30.110,0.80451,0.80456,1.00,1.00
2017.10.17 14:08:34.625,0.80451,0.80458,1.00,1.31
2017.10.17 14:08:35.190,0.80451,0.80457,1.00,1.00
2017.10.17 14:08:39.095,0.80451,0.80459,1.00,2.62
2017.10.17 14:08:42.979,0.80451,0.8046,2.25,1.62
2017.10.17 14:08:43.480,0.80451,0.8046,2.44,1.25
2017.10.17 14:08:47.821,0.80452,0.80461,1.00,3.00
2017.10.17 14:08:50.169,0.80452,0.8046,1.00,1.85
2017.10.17 14:08:52.137,0.80452,0.8046,1.00,1.12
2017.10.17 14:08:52.688,0.80452,0.80461,1.50,2.25
2017.10.17 14:08:53.237,0.80452,0.8046,1.00,1.13
2017.10.17 14:08:53.880,0.80452,0.80461,1.00,2.63
2017.10.17 14:08:54.437,0.80452,0.80461,1.00,3.00
2017.10.17 14:08:57.237,0.80455,0.80461,1.50,1.87
2017.10.17 14:08:57.289,0.80456,0.80465,1.44,1.75
2017.10.17 14:08:57.340,0.80459,0.80467,1.00,1.75
2017.10.17 14:08:57.493,0.80462,0.8047,1.00,3.41
2017.10.17 14:08:57.594,0.80462,0.8047,1.00,1.91
2017.10.17 14:08:58.302,0.80462,0.80467,1.50,1.60
2017.10.17 14:08:58.353,0.8046,0.80466,1.00,1.54
2017.10.17 14:08:58.606,0.80458,0.80466,1.00,1.13
2017.10.17 14:08:59.259,0.80458,0.80463,1.00,1.00
2017.10.17 14:08:59.360,0.80456,0.80463,1.00,1.00
2017.10.17 14:08:59.930,0.80456,0.80463,1.00,2.29
2017.10.17 14:09:00.705,0.80454,0.80462,1.00,1.35
2017.10.17 14:09:02.383,0.80454,0.80461,1.00,1.25
2017.10.17 14:09:03.429,0.80454,0.80462,1.00,1.25
2017.10.17 14:09:03.684,0.80456,0.80463,1.00,1.50
2017.10.17 14:09:03.887,0.80456,0.80465,1.00,1.69
2017.10.17 14:09:04.362,0.80459,0.80465,1.00,1.35
2017.10.17 14:09:04.667,0.80448,0.80453,1.00,1.00
2017.10.17 14:09:04.980,0.80451,0.80458,1.00,1.87
2017.10.17 14:09:05.336,0.80451,0.80456,1.00,1.35
2017.10.17 14:09:05.438,0.80449,0.80456,1.00,1.35
2017.10.17 14:09:06.293,0.80449,0.80457,1.00,3.79
2017.10.17 14:09:06.446,0.80447,0.80454,1.31,1.00
2017.10.17 14:09:06.956,0.80446,0.80454,1.25,1.00
2017.10.17 14:09:08.877,0.80447,0.80454,1.00,1.00
2017.10.17 14:09:15.800,0.80446,0.80454,1.31,1.00
2017.10.17 14:09:16.349,0.80447,0.80454,1.00,1.00
2017.10.17 14:09:16.502,0.80445,0.80454,1.50,1.13
2017.10.17 14:09:16.675,0.80443,0.80452,2.44,1.00
2017.10.17 14:09:17.081,0.80446,0.80452,1.00,1.00
2017.10.17 14:09:18.265,0.80447,0.80454,1.00,1.00
2017.10.17 14:09:18.727,0.80446,0.80452,1.00,1.00
2017.10.17 14:09:18.829,0.80446,0.80454,1.00,1.50
2017.10.17 14:09:19.385,0.80447,0.80454,1.00,1.00
2017.10.17 14:09:19.699,0.80447,0.80452,1.00,1.00
2017.10.17 14:09:20.914,0.80447,0.80454,1.00,1.69
2017.10.17 14:09:21.499,0.80445,0.80454,1.50,1.69
2017.10.17 14:09:21.711,0.80445,0.80452,1.00,1.00
2017.10.17 14:09:22.229,0.80445,0.80451,1.00,1.00
2017.10.17 14:09:23.392,0.80444,0.80451,1.00,1.00
2017.10.17 14:09:25.445,0.80446,0.80451,1.19,1.00
2017.10.17 14:09:25.655,0.80448,0.80454,2.25,1.00
2017.10.17 14:09:27.168,0.80447,0.80454,1.00,1.00
2017.10.17 14:09:28.118,0.80446,0.80454,2.44,1.00
2017.10.17 14:09:31.623,0.80448,0.80454,1.00,1.00
2017.10.17 14:09:32.685,0.80446,0.80454,1.87,1.00
2017.10.17 14:09:33.199,0.80447,0.80454,1.00,1.00
2017.10.17 14:09:33.537,0.80447,0.80456,1.00,1.50
2017.10.17 14:09:34.059,0.80448,0.80456,1.00,1.00
2017.10.17 14:09:34.672,0.80449,0.80456,1.13,1.00
2017.10.17 14:09:34.723,0.80449,0.80458,1.44,1.50
2017.10.17 14:09:37.489,0.80449,0.80458,1.00,1.50
2017.10.17 14:09:37.995,0.8045,0.80458,1.00,1.00
2017.10.17 14:09:39.107,0.80451,0.80458,1.00,1.00
2017.10.17 14:09:39.670,0.80452,0.80458,1.00,1.00
2017.10.17 14:09:41.912,0.80453,0.80458,1.00,1.00
2017.10.17 14:09:42.112,0.80454,0.80462,1.50,1.00
2017.10.17 14:09:43.643,0.80456,0.80462,1.00,1.00
2017.10.17 14:09:44.653,0.80454,0.80462,2.62,1.25
2017.10.17 14:09:45.193,0.80455,0.80462,1.00,1.50
2017.10.17 14:09:45.727,0.80454,0.80462,1.25,1.50
2017.10.17 14:09:47.325,0.80453,0.80462,1.00,1.69
2017.10.17 14:09:47.376,0.80451,0.80459,1.69,1.00
2017.10.17 14:09:48.952,0.8045,0.80459,1.12,1.50
2017.10.17 14:09:50.214,0.80452,0.80459,1.00,1.50
2017.10.17 14:09:50.607,0.80454,0.80459,1.00,1.00
2017.10.17 14:09:52.389,0.80454,0.8046,1.00,1.00
2017.10.17 14:09:54.770,0.80453,0.8046,1.87,1.00
2017.10.17 14:09:55.293,0.80454,0.8046,1.00,1.00
2017.10.17 14:09:57.987,0.80456,0.8046,1.00,1.00
2017.10.17 14:09:58.494,0.80457,0.80461,1.00,1.00
2017.10.17 14:10:00.199,0.80458,0.80462,1.00,1.00
2017.10.17 14:10:00.250,0.80457,0.80463,1.69,1.00
2017.10.17 14:10:00.756,0.80454,0.80463,2.44,1.50
2017.10.17 14:10:00.974,0.80454,0.80461,1.00,1.00
2017.10.17 14:10:01.481,0.80455,0.80461,1.50,1.00
2017.10.17 14:10:01.854,0.80455,0.80464,1.12,1.69
2017.10.17 14:10:02.325,0.80454,0.80462,1.25,1.00
2017.10.17 14:10:02.427,0.80452,0.80462,2.44,1.69
2017.10.17 14:10:02.817,0.80453,0.8046,1.25,1.00
2017.10.17 14:10:03.856,0.80452,0.8046,1.25,1.00
2017.10.17 14:10:06.814,0.80452,0.80459,1.00,1.00
2017.10.17 14:10:07.085,0.8045,0.80458,1.50,1.00
2017.10.17 14:10:07.390,0.80453,0.80457,1.25,1.00
2017.10.17 14:10:07.441,0.80453,0.8046,1.25,1.00
2017.10.17 14:10:07.645,0.8045,0.80459,1.50,1.13
2017.10.17 14:10:07.859,0.80448,0.80458,2.62,2.25
2017.10.17 14:10:08.747,0.80448,0.80457,1.50,1.00
2017.10.17 14:10:09.269,0.80448,0.80456,1.69,1.00
2017.10.17 14:10:09.747,0.8045,0.80458,1.25,3.00
2017.10.17 14:10:10.072,0.8045,0.80459,2.25,1.00
2017.10.17 14:10:10.768,0.80451,0.80459,1.00,1.00
2017.10.17 14:10:11.316,0.8045,0.80459,3.00,1.00
2017.10.17 14:10:12.671,0.8045,0.80458,1.00,1.00
2017.10.17 14:10:13.175,0.8045,0.80457,1.00,1.00
2017.10.17 14:10:19.178,0.80448,0.80457,1.00,1.50
2017.10.17 14:10:19.280,0.80447,0.80455,1.00,1.00
2017.10.17 14:10:19.796,0.80446,0.80455,1.87,1.00
2017.10.17 14:10:20.100,0.80448,0.80457,1.69,1.00
2017.10.17 14:10:24.646,0.8045,0.80457,1.50,1.00
2017.10.17 14:10:24.748,0.80447,0.80455,1.25,1.00
2017.10.17 14:10:25.643,0.80446,0.80455,1.25,1.00
2017.10.17 14:10:25.937,0.80444,0.80453,1.63,1.50
2017.10.17 14:10:26.444,0.80444,0.80453,1.25,1.50
2017.10.17 14:10:28.347,0.80443,0.80453,1.69,2.25
2017.10.17 14:10:28.673,0.80443,0.80451,1.00,1.00
2017.10.17 14:10:30.292,0.80445,0.80451,1.00,1.00
2017.10.17 14:10:30.800,0.80444,0.80451,1.00,1.00
2017.10.17 14:10:31.142,0.80446,0.80453,1.50,1.00
2017.10.17 14:10:33.205,0.80446,0.80455,1.50,1.50
2017.10.17 14:10:34.046,0.80445,0.80453,1.69,1.00
2017.10.17 14:10:34.807,0.80443,0.80453,2.44,1.50
2017.10.17 14:10:35.385,0.80443,0.80453,1.50,2.25
2017.10.17 14:10:36.738,0.80442,0.8045,1.50,1.00
2017.10.17 14:10:37.088,0.80444,0.80452,1.25,1.00
2017.10.17 14:10:38.205,0.80443,0.80451,1.50,1.00
2017.10.17 14:10:39.146,0.80443,0.80452,1.50,1.69
2017.10.17 14:10:39.455,0.80442,0.8045,1.00,1.00
2017.10.17 14:10:44.642,0.80444,0.8045,1.00,1.00
2017.10.17 14:10:44.947,0.80446,0.80452,1.00,1.00
2017.10.17 14:10:46.045,0.80447,0.80452,1.50,1.00
2017.10.17 14:10:46.643,0.80447,0.80454,1.50,1.00
2017.10.17 14:10:48.065,0.80449,0.80454,1.00,1.00
2017.10.17 14:10:49.494,0.80447,0.80454,2.25,1.56
2017.10.17 14:10:49.545,0.80449,0.80454,1.00,1.00
2017.10.17 14:10:50.009,0.80449,0.80456,1.00,1.00
2017.10.17 14:10:50.528,0.8045,0.80456,1.50,1.00
2017.10.17 14:10:50.787,0.80447,0.80456,1.37,1.69
2017.10.17 14:10:50.839,0.80447,0.80454,1.00,1.00
2017.10.17 14:10:51.179,0.8045,0.80456,1.00,1.00
2017.10.17 14:10:51.757,0.80448,0.80456,1.12,1.69
2017.10.17 14:10:52.015,0.80445,0.80453,1.75,1.25
2017.10.17 14:10:52.116,0.80444,0.80453,3.38,1.00
2017.10.17 14:10:52.629,0.80444,0.80453,2.44,1.00
2017.10.17 14:10:52.680,0.80446,0.80453,1.00,1.00
2017.10.17 14:10:56.262,0.80444,0.80453,3.00,1.00
2017.10.17 14:10:58.651,0.80445,0.80453,1.00,1.00
2017.10.17 14:11:00.700,0.80444,0.80453,2.62,1.00
2017.10.17 14:11:01.232,0.80444,0.80451,1.87,1.00
2017.10.17 14:11:02.585,0.80445,0.80451,1.00,1.00
2017.10.17 14:11:03.143,0.80446,0.80451,1.00,1.00
2017.10.17 14:11:03.900,0.80447,0.80451,1.00,1.00
2017.10.17 14:11:04.242,0.80447,0.80453,1.00,1.00
2017.10.17 14:11:09.628,0.80445,0.80453,2.06,1.00
2017.10.17 14:11:10.902,0.80446,0.80453,1.00,1.00
2017.10.17 14:11:12.759,0.80445,0.80453,1.87,1.00
2017.10.17 14:11:13.649,0.80445,0.80451,1.87,1.00
2017.10.17 14:11:14.194,0.80446,0.80451,1.00,1.00
2017.10.17 14:11:14.811,0.80444,0.80451,1.69,1.00
2017.10.17 14:11:16.058,0.80445,0.80451,1.00,1.00
2017.10.17 14:11:16.261,0.80443,0.8045,1.12,1.00
2017.10.17 14:11:16.362,0.80441,0.80448,1.75,1.00
2017.10.17 14:11:16.773,0.80441,0.80448,1.69,1.00
2017.10.17 14:11:17.444,0.80442,0.80448,1.00,1.00
2017.10.17 14:11:19.649,0.80443,0.80448,1.25,1.00
2017.10.17 14:11:20.310,0.80444,0.80448,1.00,1.00
2017.10.17 14:11:22.206,0.80444,0.80451,1.69,1.00
2017.10.17 14:11:26.938,0.80445,0.80451,1.00,1.00
2017.10.17 14:11:28.297,0.80444,0.80451,1.69,1.00
2017.10.17 14:11:28.807,0.80445,0.80451,1.00,1.00
2017.10.17 14:11:29.490,0.80444,0.80451,1.50,1.00
2017.10.17 14:11:29.794,0.80442,0.8045,2.06,1.00
2017.10.17 14:11:29.860,0.80444,0.8045,1.00,1.00
2017.10.17 14:11:30.286,0.80446,0.80452,1.00,1.00
2017.10.17 14:11:30.896,0.80445,0.80452,1.87,1.00
2017.10.17 14:11:34.886,0.80445,0.8045,1.00,1.00
2017.10.17 14:11:35.228,0.80443,0.8045,1.00,1.00
2017.10.17 14:11:35.279,0.80446,0.8045,1.69,1.00
2017.10.17 14:11:35.431,0.80446,0.80452,1.00,1.00
2017.10.17 14:11:36.054,0.80445,0.80452,1.00,1.00
2017.10.17 14:11:36.566,0.80444,0.80452,1.87,1.00
2017.10.17 14:11:40.032,0.80443,0.80452,1.50,1.00
2017.10.17 14:11:40.615,0.80443,0.80451,1.00,1.00
2017.10.17 14:11:41.326,0.80445,0.80451,1.50,1.00
2017.10.17 14:11:42.197,0.80445,0.80453,1.50,1.00
2017.10.17 14:11:42.838,0.80444,0.80453,1.12,2.25
2017.10.17 14:11:42.939,0.80444,0.80451,1.00,1.00
2017.10.17 14:11:43.448,0.80443,0.80451,1.50,1.00
2017.10.17 14:11:45.169,0.80441,0.80451,3.56,1.50
2017.10.17 14:11:46.122,0.80443,0.80451,1.00,1.00
2017.10.17 14:11:46.653,0.80444,0.80451,1.00,1.00
2017.10.17 14:11:49.643,0.80446,0.80453,1.00,1.00
2017.10.17 14:11:50.489,0.80446,0.80451,1.00,1.00
2017.10.17 14:11:50.591,0.80443,0.80451,1.50,1.00
2017.10.17 14:11:51.099,0.80445,0.80451,1.50,1.00
2017.10.17 14:11:52.216,0.80443,0.80451,1.50,1.00
2017.10.17 14:11:52.723,0.80443,0.80451,2.25,1.00
2017.10.17 14:11:53.287,0.80445,0.80451,1.50,1.00
2017.10.17 14:11:54.413,0.80444,0.80451,2.25,1.00
2017.10.17 14:11:54.566,0.80442,0.80451,2.06,1.00
2017.10.17 14:11:55.318,0.80443,0.80451,1.00,1.00
2017.10.17 14:11:55.474,0.80445,0.80451,1.00,1.00
2017.10.17 14:11:56.027,0.80444,0.80451,1.25,1.00
2017.10.17 14:11:56.632,0.80443,0.80451,1.25,1.00
2017.10.17 14:11:57.257,0.80442,0.80451,1.12,1.88
2017.10.17 14:12:00.390,0.80442,0.80449,1.12,1.00
2017.10.17 14:12:02.778,0.8044,0.80449,1.25,1.00
2017.10.17 14:12:03.284,0.80441,0.80449,1.69,1.25
2017.10.17 14:12:03.903,0.80442,0.80449,1.00,1.00
2017.10.17 14:12:05.655,0.80441,0.80447,1.00,1.00
2017.10.17 14:12:09.626,0.80444,0.80448,1.00,1.00
2017.10.17 14:12:09.728,0.80444,0.80449,1.00,1.00
2017.10.17 14:12:10.407,0.80445,0.80449,1.00,1.00
2017.10.17 14:12:11.118,0.80444,0.80449,1.00,1.00
2017.10.17 14:12:11.473,0.80447,0.80451,1.00,1.00
2017.10.17 14:12:11.620,0.80447,0.80452,1.00,1.00
2017.10.17 14:12:12.025,0.80447,0.80454,1.69,1.00
2017.10.17 14:12:12.532,0.80449,0.80454,1.25,1.00
2017.10.17 14:12:13.662,0.80448,0.80454,1.00,1.00
2017.10.17 14:12:14.013,0.8045,0.80454,1.50,1.00
2017.10.17 14:12:14.505,0.80447,0.80454,2.06,1.00
2017.10.17 14:12:15.040,0.80447,0.80454,1.69,1.00
2017.10.17 14:12:15.550,0.80448,0.80454,1.00,1.00
2017.10.17 14:12:16.670,0.80447,0.80454,1.00,1.00
2017.10.17 14:12:16.928,0.80449,0.80454,1.00,1.00
2017.10.17 14:12:17.823,0.80447,0.80454,1.50,1.00
2017.10.17 14:12:18.025,0.80446,0.80454,1.87,1.00
2017.10.17 14:12:18.537,0.80446,0.80454,1.88,1.00
2017.10.17 14:12:19.062,0.80446,0.80453,1.69,1.00
2017.10.17 14:12:25.197,0.80446,0.80451,1.00,1.00
2017.10.17 14:12:30.510,0.80448,0.80453,1.50,1.00
2017.10.17 14:12:31.473,0.80446,0.80453,1.69,1.00
2017.10.17 14:12:32.014,0.80448,0.80453,1.00,1.00
2017.10.17 14:12:33.357,0.80447,0.80453,1.00,1.00
2017.10.17 14:12:33.760,0.80445,0.80453,2.06,1.00
2017.10.17 14:12:35.175,0.80445,0.80453,2.25,1.00
2017.10.17 14:12:35.847,0.80445,0.80453,2.06,1.00
2017.10.17 14:12:36.957,0.80447,0.80453,1.69,1.00
2017.10.17 14:12:37.008,0.80448,0.80455,1.00,1.00
2017.10.17 14:12:37.707,0.80447,0.80455,1.50,1.00
2017.10.17 14:12:39.653,0.80445,0.80455,2.62,2.44
2017.10.17 14:12:40.090,0.80445,0.80453,1.87,1.00
2017.10.17 14:12:40.419,0.80442,0.8045,2.63,1.00
2017.10.17 14:12:40.944,0.80444,0.8045,1.50,1.00
2017.10.17 14:12:41.487,0.80442,0.8045,1.50,1.00
2017.10.17 14:12:42.111,0.80442,0.8045,1.00,1.00
2017.10.17 14:12:42.795,0.80443,0.8045,1.00,1.00
2017.10.17 14:12:44.200,0.80445,0.8045,1.00,1.00
2017.10.17 14:12:48.292,0.80443,0.8045,1.87,1.00
2017.10.17 14:12:49.268,0.80444,0.8045,1.00,1.00
2017.10.17 14:12:50.538,0.80443,0.8045,1.69,1.00
2017.10.17 14:12:51.046,0.80444,0.8045,1.00,1.00
2017.10.17 14:12:51.547,0.80443,0.8045,1.69,1.00
2017.10.17 14:13:00.776,0.80443,0.80452,1.50,1.00
2017.10.17 14:13:01.055,0.80445,0.80454,1.50,1.63
2017.10.17 14:13:01.207,0.80447,0.80456,1.87,1.25
2017.10.17 14:13:01.724,0.80447,0.80457,2.81,1.69
2017.10.17 14:13:02.791,0.80447,0.80457,1.87,1.88
2017.10.17 14:13:03.292,0.80447,0.80455,1.00,1.00
2017.10.17 14:13:03.562,0.80445,0.80455,1.50,1.50
2017.10.17 14:13:04.946,0.80447,0.80455,1.00,1.00
2017.10.17 14:13:05.259,0.80445,0.80455,1.50,1.50
2017.10.17 14:13:05.417,0.80447,0.80455,1.00,1.00
2017.10.17 14:13:05.730,0.8045,0.80457,1.00,1.00
2017.10.17 14:13:07.192,0.8045,0.80459,1.13,1.50
2017.10.17 14:13:08.195,0.8045,0.80459,1.44,1.50
2017.10.17 14:13:08.713,0.8045,0.80459,1.25,1.50
2017.10.17 14:13:09.122,0.80453,0.8046,1.00,1.00
2017.10.17 14:13:09.657,0.80452,0.8046,1.00,1.25
2017.10.17 14:13:10.705,0.80453,0.8046,1.00,1.00
2017.10.17 14:13:11.212,0.80454,0.8046,1.69,1.00
2017.10.17 14:13:12.258,0.80456,0.8046,1.00,1.00
2017.10.17 14:13:12.309,0.80454,0.8046,1.13,1.00
2017.10.17 14:13:12.500,0.80447,0.80455,2.25,1.50
2017.10.17 14:13:12.602,0.80445,0.80453,1.25,1.00
2017.10.17 14:13:12.704,0.80445,0.80451,1.00,1.25
2017.10.17 14:13:12.756,0.80443,0.80453,1.50,2.25
2017.10.17 14:13:13.530,0.80445,0.80454,1.00,1.50
2017.10.17 14:13:13.795,0.80447,0.80455,1.00,1.69
2017.10.17 14:13:16.158,0.80447,0.80454,1.00,1.00
2017.10.17 14:13:16.209,0.80445,0.80453,1.87,1.00
2017.10.17 14:13:16.819,0.80443,0.80453,2.81,2.44
2017.10.17 14:13:16.870,0.80443,0.80451,2.06,1.00
2017.10.17 14:13:17.174,0.80445,0.80453,1.00,1.00
2017.10.17 14:13:17.509,0.80448,0.80455,1.00,1.00
2017.10.17 14:13:19.350,0.80447,0.80455,1.69,1.00
2017.10.17 14:13:21.685,0.80446,0.80454,1.00,1.00
2017.10.17 14:13:22.261,0.80446,0.80455,1.00,1.69
2017.10.17 14:13:22.771,0.80447,0.80455,1.00,1.50
2017.10.17 14:13:23.350,0.80448,0.80455,1.00,1.00
2017.10.17 14:13:23.887,0.80447,0.80455,1.25,1.50
2017.10.17 14:13:24.396,0.80448,0.80455,1.00,1.50
2017.10.17 14:13:25.278,0.80447,0.80455,1.25,1.50
2017.10.17 14:13:26.410,0.80448,0.80455,1.00,1.00
2017.10.17 14:13:27.755,0.80447,0.80455,1.69,1.00
2017.10.17 14:13:29.882,0.80448,0.80455,1.00,1.00
2017.10.17 14:13:31.733,0.80447,0.80455,1.69,1.00
2017.10.17 14:13:35.568,0.80448,0.80455,1.00,1.00
2017.10.17 14:13:38.047,0.80447,0.80455,1.00,1.00
2017.10.17 14:13:39.720,0.80446,0.80454,1.12,1.00
2017.10.17 14:13:40.080,0.80444,0.80453,1.69,1.00
2017.10.17 14:13:42.407,0.80444,0.80452,1.88,1.00
2017.10.17 14:13:42.458,0.8044,0.80449,2.25,1.88
2017.10.17 14:13:42.509,0.8044,0.80447,1.50,1.00
2017.10.17 14:13:42.775,0.80443,0.80452,1.00,1.12
2017.10.17 14:13:43.686,0.80443,0.80452,1.63,1.00
2017.10.17 14:13:54.385,0.80446,0.80452,1.00,1.00
2017.10.17 14:13:54.588,0.80444,0.80452,1.00,1.50
2017.10.17 14:13:56.195,0.80444,0.80451,1.00,1.00
2017.10.17 14:13:56.707,0.80444,0.8045,1.50,1.00
2017.10.17 14:13:57.204,0.80446,0.8045,1.25,1.00
2017.10.17 14:13:57.306,0.80447,0.80454,1.00,1.00
2017.10.17 14:13:57.818,0.80447,0.80453,1.00,1.00
2017.10.17 14:13:58.365,0.80447,0.80454,1.00,1.00
2017.10.17 14:13:59.443,0.80453,0.8046,1.00,2.25
2017.10.17 14:14:01.062,0.80453,0.80459,1.00,1.00
2017.10.17 14:14:01.601,0.80453,0.8046,1.00,1.88
2017.10.17 14:14:02.867,0.80452,0.80458,1.00,1.00
2017.10.17 14:14:03.249,0.80451,0.8046,1.50,1.50
2017.10.17 14:14:04.066,0.80453,0.8046,1.00,1.50
2017.10.17 14:14:04.877,0.80455,0.80462,1.00,1.87
2017.10.17 14:14:05.618,0.80454,0.80462,1.25,1.00
2017.10.17 14:14:05.953,0.80456,0.80462,1.00,1.00
2017.10.17 14:14:06.486,0.80456,0.80463,1.00,1.50
2017.10.17 14:14:07.025,0.80456,0.80462,1.00,1.00
2017.10.17 14:14:08.215,0.80454,0.80462,1.50,1.00
2017.10.17 14:14:08.638,0.80454,0.8046,1.00,1.00
2017.10.17 14:14:10.531,0.80454,0.80459,1.00,1.00
2017.10.17 14:14:11.091,0.80453,0.80459,1.69,1.00
2017.10.17 14:14:11.639,0.80453,0.8046,1.69,1.00
2017.10.17 14:14:12.170,0.80454,0.8046,1.00,1.00
2017.10.17 14:14:12.686,0.80454,0.80461,1.00,1.00
2017.10.17 14:14:13.544,0.80454,0.8046,1.00,1.00
2017.10.17 14:14:14.130,0.80453,0.8046,1.69,1.00
2017.10.17 14:14:17.356,0.80453,0.80461,1.50,1.00
2017.10.17 14:14:18.338,0.80453,0.8046,1.69,1.00
2017.10.17 14:14:18.858,0.80454,0.80461,1.00,1.00
2017.10.17 14:14:19.377,0.80455,0.80464,1.00,3.19
2017.10.17 14:14:19.855,0.80455,0.80461,1.00,1.00
2017.10.17 14:14:20.753,0.80454,0.80461,1.00,1.00
2017.10.17 14:14:21.286,0.80452,0.8046,2.25,1.00
2017.10.17 14:14:21.839,0.80452,0.80459,1.50,1.50
2017.10.17 14:14:23.339,0.80452,0.80458,1.50,1.00
2017.10.17 14:14:24.335,0.80452,0.80457,1.00,1.00
2017.10.17 14:14:24.858,0.80452,0.80459,1.00,1.50
2017.10.17 14:14:26.358,0.80452,0.80458,1.00,1.00
2017.10.17 14:14:27.757,0.80452,0.80457,1.00,1.00
2017.10.17 14:14:28.405,0.80452,0.80458,1.00,1.00
2017.10.17 14:14:28.932,0.80453,0.80459,1.00,1.00
2017.10.17 14:14:29.436,0.80453,0.80458,1.00,1.00
2017.10.17 14:14:30.272,0.80453,0.8046,1.25,1.00
2017.10.17 14:14:30.778,0.80453,0.80461,1.25,1.00
2017.10.17 14:14:31.324,0.80453,0.8046,1.25,1.00
2017.10.17 14:14:31.905,0.80454,0.8046,1.00,1.00
2017.10.17 14:14:32.430,0.80452,0.8046,2.44,1.00
2017.10.17 14:14:33.569,0.80452,0.80461,2.44,1.00
2017.10.17 14:14:34.112,0.80452,0.8046,2.44,1.00
2017.10.17 14:14:34.637,0.80452,0.80461,1.50,2.44
2017.10.17 14:14:35.172,0.80452,0.8046,1.50,1.00
2017.10.17 14:14:36.041,0.80452,0.80458,1.00,1.00
2017.10.17 14:14:36.563,0.80452,0.80457,2.25,1.00
2017.10.17 14:14:37.083,0.80452,0.80459,1.69,1.00
2017.10.17 14:14:37.727,0.80452,0.80458,1.00,1.00
2017.10.17 14:14:38.681,0.80452,0.80457,1.00,1.00
2017.10.17 14:14:39.268,0.80452,0.80458,1.00,1.00
2017.10.17 14:14:39.796,0.80452,0.80457,1.00,1.00
2017.10.17 14:14:40.118,0.8045,0.80457,2.25,1.00
2017.10.17 14:14:40.835,0.80451,0.80457,1.00,1.00
2017.10.17 14:14:41.473,0.80451,0.80458,1.00,1.00
2017.10.17 14:14:41.982,0.80451,0.80457,1.00,1.00
2017.10.17 14:14:42.794,0.80451,0.80458,1.00,1.00
2017.10.17 14:14:43.327,0.80452,0.80458,1.00,1.00
2017.10.17 14:14:43.489,0.80452,0.80456,1.00,1.00
2017.10.17 14:14:45.510,0.80454,0.80458,1.00,1.00
2017.10.17 14:14:46.058,0.80453,0.80458,1.00,1.00
2017.10.17 14:14:46.424,0.80453,0.8046,1.00,1.50
2017.10.17 14:14:47.128,0.80453,0.80459,1.00,1.00
2017.10.17 14:14:51.977,0.80452,0.80459,1.00,1.00
2017.10.17 14:14:52.516,0.80451,0.80459,2.81,1.00
2017.10.17 14:14:54.527,0.80451,0.8046,2.81,1.50
2017.10.17 14:14:54.670,0.80453,0.8046,1.00,1.00
2017.10.17 14:14:55.493,0.80453,0.80459,1.00,1.00
2017.10.17 14:14:56.025,0.80453,0.8046,1.00,1.00
2017.10.17 14:14:56.637,0.80453,0.80459,1.00,1.00
2017.10.17 14:14:57.154,0.80453,0.80461,1.50,1.00
2017.10.17 14:14:58.402,0.80455,0.80461,1.00,1.00
2017.10.17 14:14:58.706,0.80457,0.80461,1.00,1.00
2017.10.17 14:14:58.808,0.80457,0.80463,1.00,1.00
2017.10.17 14:14:59.309,0.80457,0.80461,1.00,1.00
2017.10.17 14:14:59.766,0.80455,0.80461,1.00,1.00
2017.10.17 14:15:00.133,0.80456,0.80464,1.00,1.50
2017.10.17 14:15:00.236,0.80455,0.80462,1.00,1.00
2017.10.17 14:15:00.472,0.80456,0.80464,1.00,1.50
2017.10.17 14:15:01.068,0.80455,0.80464,1.50,2.25
2017.10.17 14:15:01.473,0.80455,0.80462,1.00,1.00
2017.10.17 14:15:01.939,0.80455,0.80464,2.25,1.69
2017.10.17 14:15:02.142,0.80457,0.80464,1.00,1.25
2017.10.17 14:15:04.230,0.80457,0.80463,1.00,1.00
2017.10.17 14:15:04.382,0.80454,0.80462,1.00,1.00
2017.10.17 14:15:05.220,0.80454,0.80463,1.50,1.00
2017.10.17 14:15:06.179,0.80455,0.80463,1.00,1.00
2017.10.17 14:15:06.280,0.80458,0.80463,1.00,1.00
2017.10.17 14:15:06.331,0.80458,0.80466,1.50,1.30
2017.10.17 14:15:07.091,0.80458,0.80465,1.00,1.00
2017.10.17 14:15:07.628,0.80458,0.80466,1.00,1.69
2017.10.17 14:15:08.562,0.80456,0.80466,3.37,2.62
2017.10.17 14:15:10.549,0.80457,0.80466,1.00,1.69
2017.10.17 14:15:11.075,0.80458,0.80466,1.00,1.50
2017.10.17 14:15:11.227,0.8046,0.80466,1.00,1.00
2017.10.17 14:15:12.083,0.80458,0.80466,1.00,1.69
2017.10.17 14:15:12.811,0.80458,0.80466,1.00,1.87
2017.10.17 14:15:16.441,0.80456,0.80465,3.37,1.25
2017.10.17 14:15:16.731,0.80456,0.80462,1.87,1.00
2017.10.17 14:15:16.883,0.80453,0.80462,1.00,2.62
2017.10.17 14:15:17.467,0.80454,0.80462,1.00,1.12
2017.10.17 14:15:18.000,0.80453,0.80462,1.25,1.19
2017.10.17 14:15:18.515,0.80454,0.80462,1.00,1.00
2017.10.17 14:15:19.048,0.80455,0.80462,1.00,1.00
2017.10.17 14:15:21.445,0.80457,0.80462,1.00,1.00
2017.10.17 14:15:21.642,0.80457,0.80464,1.50,1.00
2017.10.17 14:15:27.693,0.80458,0.80464,1.00,1.00
2017.10.17 14:15:28.977,0.80457,0.80464,2.44,1.00
2017.10.17 14:15:39.870,0.80456,0.80464,1.25,1.00
2017.10.17 14:15:40.031,0.80454,0.80463,2.81,1.00
2017.10.17 14:15:40.604,0.80454,0.80462,1.00,1.00
2017.10.17 14:15:43.309,0.80455,0.80462,1.00,1.00
2017.10.17 14:15:43.890,0.80454,0.80462,1.50,1.00
2017.10.17 14:15:45.539,0.80455,0.80462,1.50,1.00
2017.10.17 14:15:45.681,0.80457,0.80465,1.00,1.25
2017.10.17 14:15:47.027,0.80455,0.80465,3.19,1.00
2017.10.17 14:15:47.078,0.80455,0.80459,1.00,1.25
2017.10.17 14:15:47.129,0.80451,0.80459,2.25,1.69
2017.10.17 14:15:47.180,0.80451,0.80459,1.00,1.50
2017.10.17 14:15:47.788,0.8045,0.80459,1.25,2.25
2017.10.17 14:15:48.326,0.8045,0.80459,1.00,2.62
2017.10.17 14:15:48.833,0.8045,0.80457,1.00,1.00
2017.10.17 14:15:49.363,0.80452,0.80459,1.00,1.00
2017.10.17 14:15:49.515,0.80455,0.80463,1.00,2.25
2017.10.17 14:15:51.707,0.8045,0.80458,1.37,1.00
2017.10.17 14:15:51.758,0.8045,0.80458,1.00,1.00
2017.10.17 14:15:52.363,0.80449,0.80458,1.25,1.50
2017.10.17 14:15:54.022,0.80449,0.80456,1.00,1.00
2017.10.17 14:15:54.175,0.8045,0.80458,1.00,1.50
2017.10.17 14:15:54.689,0.80451,0.80458,1.50,1.50
2017.10.17 14:15:55.553,0.80449,0.80458,3.19,1.50
2017.10.17 14:15:56.088,0.80449,0.80458,2.44,1.50
2017.10.17 14:15:58.952,0.8045,0.80458,1.00,1.00
2017.10.17 14:15:59.581,0.80449,0.80458,1.50,1.69
2017.10.17 14:16:00.579,0.80448,0.80457,1.50,2.44
2017.10.17 14:16:01.102,0.80449,0.80456,1.69,1.00
2017.10.17 14:16:01.255,0.80452,0.80458,1.00,1.00
2017.10.17 14:16:01.407,0.8045,0.80458,1.12,1.00
2017.10.17 14:16:02.413,0.80448,0.80457,3.75,1.00
2017.10.17 14:16:02.514,0.80448,0.80457,2.25,1.00
2017.10.17 14:16:03.025,0.80448,0.80456,2.25,1.00
2017.10.17 14:16:03.778,0.80448,0.80457,2.25,1.25
2017.10.17 14:16:05.951,0.80448,0.80456,1.50,1.00
2017.10.17 14:16:07.304,0.8045,0.80456,1.00,1.00
2017.10.17 14:16:07.964,0.8045,0.80457,1.00,1.50
2017.10.17 14:16:09.637,0.80448,0.80457,1.50,1.00
2017.10.17 14:16:10.325,0.80448,0.80458,2.25,3.37
2017.10.17 14:16:10.914,0.80448,0.80457,1.50,1.00
2017.10.17 14:16:11.596,0.80448,0.80456,1.50,1.00
2017.10.17 14:16:13.501,0.80449,0.80455,1.00,1.00
2017.10.17 14:16:13.936,0.80449,0.80458,1.00,2.25
2017.10.17 14:16:14.446,0.80448,0.80457,1.69,1.50
2017.10.17 14:16:14.497,0.80448,0.80455,1.00,1.00
2017.10.17 14:16:14.800,0.80448,0.80457,1.00,3.56
2017.10.17 14:16:15.375,0.80448,0.80456,1.50,1.00
2017.10.17 14:16:16.674,0.80448,0.80457,2.44,1.87
2017.10.17 14:16:16.775,0.80451,0.80457,1.00,1.12
2017.10.17 14:16:17.289,0.8045,0.80458,1.50,1.25
2017.10.17 14:16:17.833,0.80451,0.80458,1.00,1.50
2017.10.17 14:16:18.381,0.8045,0.80458,1.00,1.69
2017.10.17 14:16:18.482,0.80448,0.80458,2.62,3.56
2017.10.17 14:16:19.502,0.80448,0.80456,2.62,1.00
2017.10.17 14:16:20.028,0.80448,0.80457,2.62,1.00
2017.10.17 14:16:20.488,0.80448,0.80455,1.12,1.00
2017.10.17 14:16:20.977,0.80446,0.80455,1.69,2.25
2017.10.17 14:16:21.537,0.80447,0.80455,1.00,1.00
2017.10.17 14:16:21.841,0.80448,0.80457,2.44,1.00
2017.10.17 14:16:22.195,0.80448,0.80455,1.00,1.00
2017.10.17 14:16:22.728,0.80448,0.80456,1.00,1.50
2017.10.17 14:16:23.401,0.80448,0.80458,2.44,3.75
2017.10.17 14:16:24.989,0.80449,0.80458,1.00,3.56
2017.10.17 14:16:25.908,0.80448,0.80456,1.25,2.10
2017.10.17 14:16:26.571,0.80448,0.80458,1.69,2.81
2017.10.17 14:16:27.114,0.80448,0.80458,1.87,2.81
2017.10.17 14:16:27.653,0.80449,0.80458,1.00,2.81
2017.10.17 14:16:30.260,0.80448,0.80457,1.50,1.88
2017.10.17 14:16:31.161,0.80448,0.80455,1.00,1.00
2017.10.17 14:16:31.465,0.80445,0.80452,1.00,1.25
2017.10.17 14:16:31.772,0.80443,0.80452,1.88,1.00
2017.10.17 14:16:32.160,0.80445,0.80454,1.69,1.31
2017.10.17 14:16:32.668,0.80446,0.80455,1.00,3.56
2017.10.17 14:16:33.593,0.80446,0.80453,1.00,1.00
2017.10.17 14:16:34.133,0.80444,0.80451,1.00,1.00
2017.10.17 14:16:34.706,0.80444,0.80452,1.00,1.00
2017.10.17 14:16:35.101,0.80446,0.80453,1.50,1.00
2017.10.17 14:16:35.203,0.80446,0.80455,2.25,1.25
2017.10.17 14:16:35.900,0.80446,0.80454,1.50,1.25
2017.10.17 14:16:36.412,0.80446,0.80453,1.00,1.25
2017.10.17 14:16:37.993,0.80444,0.80452,2.44,1.00
2017.10.17 14:16:38.483,0.80444,0.80454,3.56,2.44
2017.10.17 14:16:39.022,0.80444,0.80453,3.38,1.00
2017.10.17 14:16:40.815,0.80444,0.80452,2.44,1.00
2017.10.17 14:16:41.330,0.80444,0.80453,3.00,1.00
2017.10.17 14:16:43.772,0.80446,0.80454,1.00,1.87
2017.10.17 14:16:43.925,0.80449,0.80458,2.25,1.12
2017.10.17 14:16:45.661,0.80449,0.80459,1.69,2.62
2017.10.17 14:16:51.321,0.80449,0.80458,2.25,1.50
2017.10.17 14:16:52.050,0.8045,0.80458,1.00,1.25
2017.10.17 14:16:52.101,0.80451,0.80458,1.88,1.00
2017.10.17 14:16:52.152,0.80453,0.80461,1.00,1.69
2017.10.17 14:16:52.254,0.80453,0.80462,2.63,1.00
2017.10.17 14:16:52.305,0.80455,0.80462,1.00,1.00
2017.10.17 14:16:53.099,0.80453,0.80461,1.87,1.25
2017.10.17 14:16:55.855,0.80453,0.80462,2.81,1.50
2017.10.17 14:16:55.906,0.80456,0.80464,1.44,1.69
2017.10.17 14:16:56.451,0.80458,0.80464,1.00,1.69
2017.10.17 14:16:56.990,0.80458,0.80465,1.00,1.00
2017.10.17 14:16:57.509,0.80458,0.80464,1.00,1.00
2017.10.17 14:16:59.326,0.80456,0.80464,2.06,1.00
2017.10.17 14:17:00.478,0.80459,0.80465,1.00,1.00
2017.10.17 14:17:07.119,0.8046,0.80465,1.00,1.00
2017.10.17 14:17:07.170,0.80454,0.80462,2.25,1.00
2017.10.17 14:17:07.272,0.80454,0.80462,1.50,1.13
2017.10.17 14:17:07.930,0.80453,0.80462,1.25,2.25
2017.10.17 14:17:08.282,0.80457,0.80463,1.00,1.50
2017.10.17 14:17:08.587,0.80459,0.80465,1.00,1.00
2017.10.17 14:17:10.562,0.80458,0.80465,1.12,1.00
2017.10.17 14:17:11.074,0.80457,0.80465,1.25,1.00
2017.10.17 14:17:12.577,0.80455,0.80463,1.12,2.81
2017.10.17 14:17:13.087,0.80455,0.80461,1.50,1.00
2017.10.17 14:17:14.746,0.80453,0.80461,2.25,1.50
2017.10.17 14:17:15.782,0.80453,0.80461,1.00,1.88
2017.10.17 14:17:16.089,0.80451,0.80459,2.81,1.00
2017.10.17 14:17:16.402,0.80453,0.80459,1.25,1.00
2017.10.17 14:17:16.504,0.80453,0.80461,1.25,1.00
2017.10.17 14:17:17.013,0.80452,0.80461,1.12,1.00
2017.10.17 14:17:17.159,0.80454,0.80461,1.00,1.00
2017.10.17 14:17:19.168,0.80453,0.80461,1.50,1.88
2017.10.17 14:17:19.472,0.80449,0.80457,1.00,1.00
2017.10.17 14:17:19.776,0.80452,0.80459,1.69,1.00
2017.10.17 14:17:23.339,0.80453,0.80459,1.00,1.00
2017.10.17 14:17:24.741,0.80455,0.80459,1.00,1.00
2017.10.17 14:17:25.925,0.80453,0.80459,1.50,1.00
2017.10.17 14:17:26.461,0.80453,0.80459,1.00,1.00
2017.10.17 14:17:32.354,0.80452,0.80459,1.00,1.00
2017.10.17 14:17:32.929,0.80451,0.80459,1.87,1.00
2017.10.17 14:17:33.741,0.80454,0.80459,1.13,1.00
2017.10.17 14:17:33.893,0.80454,0.80461,1.25,1.00
2017.10.17 14:17:36.079,0.80453,0.80461,1.50,1.00
2017.10.17 14:17:41.302,0.80454,0.80461,1.31,1.00
2017.10.17 14:17:45.846,0.80454,0.80461,1.00,1.87
2017.10.17 14:17:46.099,0.80449,0.80459,3.19,2.06
2017.10.17 14:17:46.201,0.80449,0.80459,2.44,2.06
2017.10.17 14:17:46.365,0.80449,0.80456,1.69,1.00
2017.10.17 14:17:46.620,0.80451,0.80459,1.50,1.50
2017.10.17 14:17:46.773,0.80453,0.80459,1.50,1.00
2017.10.17 14:17:47.283,0.80452,0.80459,1.88,1.00
2017.10.17 14:17:47.789,0.80452,0.80459,1.38,1.00
2017.10.17 14:17:48.011,0.80452,0.80459,1.13,1.00
2017.10.17 14:17:49.066,0.80453,0.80459,1.00,1.00
2017.10.17 14:17:49.879,0.80454,0.80459,1.00,1.00
2017.10.17 14:17:51.070,0.80454,0.80461,1.00,1.00
2017.10.17 14:17:51.732,0.80454,0.80458,1.00,1.00
2017.10.17 14:17:51.885,0.80448,0.80455,1.00,1.00
2017.10.17 14:17:52.752,0.80451,0.80455,1.00,1.00
2017.10.17 14:17:52.905,0.80449,0.80455,1.69,1.00
2017.10.17 14:17:55.134,0.80448,0.80455,1.00,1.00
2017.10.17 14:17:55.185,0.8045,0.80457,1.00,1.00
2017.10.17 14:17:55.490,0.80453,0.80457,1.00,1.00
2017.10.17 14:17:56.302,0.80452,0.80457,1.00,1.00
2017.10.17 14:17:56.871,0.80451,0.80457,1.87,1.00
2017.10.17 14:17:57.250,0.80451,0.80455,1.12,1.00
2017.10.17 14:17:57.302,0.80447,0.80455,1.50,1.00
2017.10.17 14:17:57.353,0.80446,0.80453,2.25,1.00
2017.10.17 14:17:57.404,0.80446,0.80453,1.50,1.00
2017.10.17 14:17:58.116,0.80447,0.80453,1.00,1.00
2017.10.17 14:17:59.915,0.8045,0.80456,1.00,1.00
2017.10.17 14:18:02.960,0.8045,0.80457,1.50,1.00
2017.10.17 14:18:03.165,0.80448,0.80457,1.87,1.50
2017.10.17 14:18:03.696,0.80449,0.80457,1.00,1.00
2017.10.17 14:18:04.212,0.80448,0.80457,2.06,1.00
2017.10.17 14:18:04.421,0.80448,0.80455,1.12,1.00
2017.10.17 14:18:04.523,0.80446,0.80455,1.69,1.00
2017.10.17 14:18:05.156,0.80447,0.80455,1.00,1.00
2017.10.17 14:18:05.613,0.80445,0.80454,1.00,1.50
2017.10.17 14:18:06.191,0.80444,0.80453,2.06,1.00
2017.10.17 14:18:07.778,0.80445,0.80452,1.00,1.00
2017.10.17 14:18:08.285,0.80446,0.80452,1.00,1.00
2017.10.17 14:18:08.742,0.80445,0.8045,1.00,1.00
2017.10.17 14:18:08.808,0.80439,0.80446,1.25,1.00
2017.10.17 14:18:09.264,0.8044,0.80448,1.25,1.50
2017.10.17 14:18:10.094,0.80441,0.80448,1.00,1.00
2017.10.17 14:18:10.397,0.80439,0.80448,2.06,1.50
2017.10.17 14:18:10.449,0.80439,0.80444,2.06,1.00
2017.10.17 14:18:10.950,0.80439,0.80446,1.25,1.00
2017.10.17 14:18:11.593,0.8044,0.80446,1.00,1.00
2017.10.17 14:18:12.142,0.80439,0.80446,1.00,1.00
2017.10.17 14:18:13.776,0.80437,0.80446,1.69,1.00
2017.10.17 14:18:14.220,0.80439,0.80446,1.00,1.00
2017.10.17 14:18:14.814,0.80441,0.80446,1.00,1.00
2017.10.17 14:18:14.865,0.80441,0.80448,1.50,1.00
2017.10.17 14:18:14.916,0.80443,0.80449,1.00,1.00
2017.10.17 14:18:15.171,0.80441,0.80449,1.50,1.00
2017.10.17 14:18:17.091,0.8044,0.80449,1.00,2.44
2017.10.17 14:18:17.142,0.80438,0.80446,2.25,1.00
2017.10.17 14:18:17.243,0.80436,0.80445,1.25,2.25
2017.10.17 14:18:17.836,0.80437,0.80445,1.25,1.50
2017.10.17 14:18:20.197,0.80438,0.80445,1.00,1.50
2017.10.17 14:18:20.801,0.80437,0.80445,1.50,1.00
2017.10.17 14:18:22.106,0.80437,0.80442,1.25,1.00
2017.10.17 14:18:22.519,0.80437,0.80445,1.25,1.50
2017.10.17 14:18:23.512,0.80439,0.80445,1.00,1.00
2017.10.17 14:18:25.111,0.80439,0.80447,1.00,1.00
2017.10.17 14:18:25.825,0.8044,0.80447,1.00,1.00
2017.10.17 14:18:26.186,0.80442,0.80447,1.00,1.00
2017.10.17 14:18:26.291,0.80442,0.80449,1.00,1.00
2017.10.17 14:18:27.205,0.80443,0.80449,1.00,1.00
2017.10.17 14:18:28.000,0.80443,0.80448,1.00,1.00
2017.10.17 14:18:28.751,0.80443,0.80449,1.00,1.00
2017.10.17 14:18:29.219,0.80445,0.80451,1.00,1.50
2017.10.17 14:18:29.786,0.80446,0.80453,1.25,1.00
2017.10.17 14:18:30.143,0.80443,0.80451,1.12,1.00
2017.10.17 14:18:30.621,0.80445,0.80451,1.00,1.00
2017.10.17 14:18:30.984,0.80441,0.8045,3.75,1.00
2017.10.17 14:18:31.035,0.80441,0.80448,1.75,1.00
2017.10.17 14:18:31.137,0.80441,0.80448,1.12,1.00
2017.10.17 14:18:31.694,0.80442,0.80449,1.00,1.00
2017.10.17 14:18:32.239,0.80443,0.80449,1.00,1.00
2017.10.17 14:18:32.340,0.80446,0.8045,1.00,1.00
2017.10.17 14:18:32.501,0.80446,0.80452,1.00,1.00
2017.10.17 14:18:32.935,0.80442,0.80451,3.94,1.00
2017.10.17 14:18:33.036,0.80442,0.80449,1.31,1.00
2017.10.17 14:18:33.341,0.80449,0.80454,1.00,1.12
2017.10.17 14:18:33.849,0.80448,0.80454,1.00,1.00
2017.10.17 14:18:37.734,0.80446,0.80454,1.50,1.50
2017.10.17 14:18:38.046,0.80438,0.80446,1.62,1.50
2017.10.17 14:18:38.355,0.80436,0.80442,1.25,1.00
2017.10.17 14:18:38.715,0.80433,0.80442,1.50,1.50
2017.10.17 14:18:38.919,0.80434,0.8044,1.69,1.00
2017.10.17 14:18:39.404,0.80434,0.80442,1.50,1.00
2017.10.17 14:18:39.455,0.80436,0.80442,1.00,1.50
2017.10.17 14:18:39.964,0.80434,0.80442,1.50,1.50
2017.10.17 14:18:40.432,0.80436,0.80442,1.25,1.00
2017.10.17 14:18:40.838,0.80434,0.80442,1.12,1.00
2017.10.17 14:18:40.889,0.80434,0.8044,1.00,1.00
2017.10.17 14:18:41.988,0.80434,0.80442,1.50,1.00
2017.10.17 14:18:43.695,0.80436,0.80444,1.87,1.12
2017.10.17 14:18:44.200,0.80438,0.80444,1.00,1.00
2017.10.17 14:18:44.352,0.80436,0.80444,1.12,1.00
2017.10.17 14:18:46.379,0.80437,0.80444,1.00,1.00
2017.10.17 14:18:46.900,0.80438,0.80446,1.44,1.50
2017.10.17 14:18:47.408,0.80438,0.80446,1.00,1.00
2017.10.17 14:18:50.389,0.80437,0.80446,1.25,1.50
2017.10.17 14:18:50.852,0.80439,0.80445,1.00,1.00
2017.10.17 14:18:51.353,0.80439,0.80446,1.00,1.00
2017.10.17 14:18:54.039,0.80439,0.80448,1.00,2.25
2017.10.17 14:18:55.244,0.8044,0.80448,1.00,1.50
2017.10.17 14:18:55.769,0.80441,0.80448,1.25,1.00
2017.10.17 14:18:56.256,0.80441,0.8045,1.00,1.50
2017.10.17 14:18:56.858,0.80442,0.8045,1.00,1.00
2017.10.17 14:18:57.536,0.80445,0.8045,1.00,1.00
2017.10.17 14:18:57.778,0.80446,0.80452,1.50,1.00
2017.10.17 14:18:58.032,0.80447,0.80454,1.00,1.00
2017.10.17 14:18:58.434,0.80445,0.80452,1.12,1.00
2017.10.17 14:18:58.840,0.80444,0.8045,1.00,1.00
2017.10.17 14:18:59.051,0.80439,0.80448,1.87,1.50
2017.10.17 14:18:59.102,0.80439,0.80446,1.00,1.00
2017.10.17 14:18:59.355,0.80437,0.80445,2.06,1.00
2017.10.17 14:18:59.901,0.80437,0.80446,1.69,1.50
2017.10.17 14:19:00.408,0.80437,0.80446,2.06,1.00
2017.10.17 14:19:01.756,0.80438,0.80444,1.25,1.00
2017.10.17 14:19:02.329,0.80438,0.80445,1.25,1.00
2017.10.17 14:19:02.850,0.80437,0.80446,1.44,1.50
2017.10.17 14:19:03.280,0.8044,0.80446,1.00,1.00
2017.10.17 14:19:03.685,0.80438,0.80447,3.56,1.00
2017.10.17 14:19:05.275,0.80438,0.80445,2.44,1.00
2017.10.17 14:19:05.826,0.80438,0.80446,1.69,1.00
2017.10.17 14:19:07.884,0.80437,0.80446,1.25,2.25
2017.10.17 14:19:08.400,0.80438,0.80446,1.50,1.50
2017.10.17 14:19:08.925,0.80438,0.80445,1.00,1.00
2017.10.17 14:19:09.077,0.80436,0.80445,3.00,1.00
2017.10.17 14:19:09.381,0.80436,0.80443,3.00,1.00
2017.10.17 14:19:11.401,0.8044,0.80446,1.00,1.50
2017.10.17 14:19:11.713,0.80443,0.80449,1.69,1.00
2017.10.17 14:19:12.264,0.80444,0.80449,1.00,1.00
2017.10.17 14:19:12.834,0.80443,0.80449,1.50,1.00
2017.10.17 14:19:15.424,0.80442,0.80449,1.12,1.00
2017.10.17 14:19:15.728,0.8044,0.80449,1.00,1.50
2017.10.17 14:19:15.983,0.80439,0.80447,1.25,1.00
2017.10.17 14:19:19.258,0.8044,0.80447,1.00,1.00
2017.10.17 14:19:19.841,0.80439,0.80447,1.25,1.00
2017.10.17 14:19:20.651,0.80441,0.80447,1.25,1.00
2017.10.17 14:19:21.159,0.80442,0.80447,1.69,1.00
2017.10.17 14:19:21.686,0.80443,0.80447,1.00,1.00
2017.10.17 14:19:21.738,0.80443,0.80449,1.00,1.50
2017.10.17 14:19:22.999,0.80441,0.80447,1.12,1.00
2017.10.17 14:19:24.037,0.80441,0.80449,1.69,1.50
2017.10.17 14:19:24.502,0.80441,0.80446,1.25,1.00
2017.10.17 14:19:25.003,0.8044,0.80446,1.25,1.00
2017.10.17 14:19:25.510,0.80439,0.80445,1.69,1.00
2017.10.17 14:19:26.530,0.80439,0.80444,1.50,1.00
2017.10.17 14:19:26.834,0.80443,0.80447,1.00,1.00
2017.10.17 14:19:26.885,0.80443,0.80448,1.00,1.00
2017.10.17 14:19:27.786,0.8044,0.80444,1.50,1.00
2017.10.17 14:19:27.888,0.80438,0.80444,3.00,1.00
2017.10.17 14:19:28.432,0.80438,0.80445,1.12,1.00
2017.10.17 14:19:29.280,0.80438,0.80444,1.12,1.00
2017.10.17 14:19:29.808,0.80437,0.80445,1.25,1.50
2017.10.17 14:19:32.289,0.80436,0.80443,1.31,1.50
2017.10.17 14:19:32.820,0.80437,0.80443,1.00,1.00
2017.10.17 14:19:34.388,0.80441,0.80445,1.00,1.50
2017.10.17 14:19:34.440,0.80442,0.80446,1.00,1.50
2017.10.17 14:19:34.694,0.80441,0.80448,1.25,1.00
2017.10.17 14:19:35.683,0.80441,0.80447,1.25,1.00
2017.10.17 14:19:36.188,0.80441,0.80448,1.25,1.50
2017.10.17 14:19:36.768,0.80441,0.80447,1.00,1.00
2017.10.17 14:19:36.921,0.80443,0.80447,1.00,1.00
2017.10.17 14:19:36.972,0.80445,0.8045,1.00,1.00
2017.10.17 14:19:37.023,0.80442,0.8045,2.62,1.00
2017.10.17 14:19:38.693,0.8044,0.8045,2.44,2.44
2017.10.17 14:19:40.694,0.80443,0.8045,1.50,1.00
2017.10.17 14:19:41.257,0.80441,0.8045,1.87,1.00
2017.10.17 14:19:41.763,0.8044,0.80449,2.06,1.00
2017.10.17 14:19:42.862,0.8044,0.80448,1.00,1.00
2017.10.17 14:19:43.380,0.80439,0.80448,1.50,1.50
2017.10.17 14:19:46.207,0.80438,0.80447,2.63,1.50
2017.10.17 14:19:46.718,0.80439,0.80448,2.06,1.50
2017.10.17 14:19:47.448,0.80441,0.80448,1.31,1.00
2017.10.17 14:19:47.962,0.80442,0.80449,1.25,1.00
2017.10.17 14:19:48.565,0.80442,0.8045,1.44,1.00
2017.10.17 14:19:49.112,0.80444,0.80451,1.44,1.00
2017.10.17 14:19:49.687,0.80446,0.80452,1.25,1.50
2017.10.17 14:19:49.738,0.80448,0.80456,1.69,1.00
2017.10.17 14:19:50.605,0.80449,0.80456,1.13,1.00
2017.10.17 14:19:50.746,0.80451,0.80456,1.00,1.00
2017.10.17 14:19:50.797,0.80451,0.80458,1.00,1.00
2017.10.17 14:19:51.051,0.80449,0.80458,1.12,1.00
2017.10.17 14:19:51.103,0.80449,0.80456,1.12,1.00
2017.10.17 14:19:51.610,0.80448,0.80457,1.50,1.50
2017.10.17 14:19:52.082,0.80446,0.80453,1.00,1.00
2017.10.17 14:19:52.286,0.80442,0.8045,1.12,1.00
2017.10.17 14:19:52.793,0.80442,0.80446,1.25,1.00
2017.10.17 14:19:53.242,0.80442,0.80449,1.25,1.00
2017.10.17 14:19:53.794,0.80441,0.80449,1.00,1.50
2017.10.17 14:19:54.626,0.80441,0.80448,1.25,1.00
2017.10.17 14:19:55.134,0.8044,0.80447,1.00,1.00
2017.10.17 14:19:55.689,0.80439,0.80447,1.69,1.00
2017.10.17 14:19:55.891,0.80441,0.80447,1.00,1.00
2017.10.17 14:19:56.397,0.80439,0.80447,1.25,1.50
2017.10.17 14:19:56.927,0.80438,0.80447,2.06,1.50
2017.10.17 14:19:57.440,0.80439,0.80447,1.00,1.00
2017.10.17 14:19:58.247,0.80439,0.80446,1.00,1.00
2017.10.17 14:19:58.764,0.80439,0.80447,1.00,1.50
2017.10.17 14:19:59.298,0.80439,0.80446,1.00,1.00
2017.10.17 14:19:59.748,0.80438,0.80444,1.00,1.00
2017.10.17 14:20:00.475,0.80437,0.80444,1.25,1.00
2017.10.17 14:20:00.979,0.80438,0.80444,1.00,1.00
2017.10.17 14:20:01.391,0.80438,0.80442,1.00,1.00
2017.10.17 14:20:01.865,0.80437,0.80444,1.25,1.00
2017.10.17 14:20:02.869,0.80437,0.80446,1.25,3.37
2017.10.17 14:20:03.045,0.80437,0.80444,1.25,1.00
2017.10.17 14:20:03.701,0.80436,0.80444,1.25,1.00
2017.10.17 14:20:06.064,0.80437,0.80444,1.50,1.50
2017.10.17 14:20:06.469,0.80438,0.80446,1.00,1.50
2017.10.17 14:20:07.049,0.80439,0.80446,1.00,1.50
2017.10.17 14:20:07.539,0.80439,0.80443,1.00,1.00
2017.10.17 14:20:07.793,0.80437,0.80443,1.12,1.00
2017.10.17 14:20:08.318,0.80438,0.80443,1.12,1.00
2017.10.17 14:20:08.825,0.80438,0.80444,1.12,1.00
2017.10.17 14:20:09.415,0.80438,0.80443,1.12,1.00
2017.10.17 14:20:09.960,0.80438,0.80446,1.25,1.50
2017.10.17 14:20:10.470,0.80438,0.80445,1.00,1.00
2017.10.17 14:20:10.982,0.80439,0.80444,1.00,1.00
2017.10.17 14:20:11.299,0.80439,0.80446,1.00,1.50
2017.10.17 14:20:11.738,0.80438,0.80442,1.00,1.00
2017.10.17 14:20:12.229,0.80438,0.80446,1.00,2.25
2017.10.17 14:20:17.407,0.80438,0.80445,1.00,1.50
2017.10.17 14:20:18.229,0.80438,0.80443,1.00,1.00
2017.10.17 14:20:19.468,0.80438,0.80444,1.00,1.00
2017.10.17 14:20:21.858,0.80436,0.80444,1.50,1.00
2017.10.17 14:20:21.909,0.80436,0.80441,1.69,1.00
2017.10.17 14:20:22.341,0.80436,0.80444,1.25,1.00
2017.10.17 14:20:22.762,0.8044,0.80444,1.50,1.00
2017.10.17 14:20:23.271,0.8044,0.80445,1.00,1.00
2017.10.17 14:20:23.323,0.8044,0.80448,1.00,2.25
2017.10.17 14:20:28.068,0.80437,0.80444,1.25,1.00
2017.10.17 14:20:28.373,0.80435,0.80441,1.00,1.00
2017.10.17 14:20:28.888,0.80436,0.80443,1.88,1.00
2017.10.17 14:20:28.991,0.80436,0.80443,1.88,1.00
2017.10.17 14:20:29.509,0.80435,0.80442,1.25,1.00
2017.10.17 14:20:30.010,0.80435,0.80443,1.25,1.00
2017.10.17 14:20:35.030,0.80436,0.80443,1.25,1.00
2017.10.17 14:20:35.132,0.80436,0.80445,2.06,1.00
2017.10.17 14:20:35.487,0.8044,0.80445,1.00,1.00
2017.10.17 14:20:35.633,0.8044,0.80447,1.25,1.87
2017.10.17 14:20:36.145,0.80439,0.80447,1.00,1.00
2017.10.17 14:20:36.902,0.8044,0.80447,1.00,1.00
2017.10.17 14:20:37.517,0.8044,0.80448,1.87,1.00
2017.10.17 14:20:37.691,0.80442,0.80448,1.00,1.00
2017.10.17 14:20:38.747,0.80444,0.80448,1.50,1.00
2017.10.17 14:20:38.960,0.80444,0.80451,1.50,1.50
2017.10.17 14:20:40.157,0.80443,0.80451,1.25,1.00
2017.10.17 14:20:40.675,0.80444,0.80451,1.00,1.00
2017.10.17 14:20:42.007,0.80444,0.8045,1.00,1.00
2017.10.17 14:20:42.594,0.80444,0.80451,1.00,1.50
2017.10.17 14:20:45.852,0.80444,0.8045,1.00,1.00
2017.10.17 14:20:46.264,0.80442,0.80449,1.12,1.00
2017.10.17 14:20:52.118,0.80442,0.80448,1.00,1.00
2017.10.17 14:20:52.640,0.80441,0.80448,1.00,1.00
2017.10.17 14:20:53.304,0.8044,0.80448,1.50,1.00
2017.10.17 14:20:53.456,0.80438,0.80442,1.00,1.00
2017.10.17 14:20:53.659,0.80431,0.80437,1.00,1.00
2017.10.17 14:20:54.086,0.80432,0.8044,1.87,1.00
2017.10.17 14:20:54.589,0.80432,0.80441,1.87,1.50
2017.10.17 14:20:55.095,0.80432,0.80441,2.06,1.50
2017.10.17 14:20:55.601,0.80433,0.80441,1.00,1.50
2017.10.17 14:20:57.038,0.80433,0.8044,1.00,1.00
2017.10.17 14:20:57.293,0.80432,0.80438,1.69,1.00
2017.10.17 14:20:57.873,0.80432,0.8044,1.00,1.50
2017.10.17 14:20:59.043,0.80431,0.80438,1.25,1.00
2017.10.17 14:20:59.347,0.80429,0.80437,1.25,1.00
2017.10.17 14:20:59.448,0.80428,0.80435,1.87,1.00
2017.10.17 14:20:59.992,0.80428,0.80436,1.25,1.50
2017.10.17 14:21:00.457,0.80427,0.80434,1.25,1.00
2017.10.17 14:21:00.664,0.80425,0.80433,1.00,1.00
2017.10.17 14:21:00.890,0.80423,0.80431,2.63,1.00
2017.10.17 14:21:03.199,0.80423,0.80431,2.81,1.00
2017.10.17 14:21:03.604,0.80423,0.80433,2.63,3.75
2017.10.17 14:21:03.756,0.80425,0.80433,1.00,3.00
2017.10.17 14:21:04.318,0.80425,0.80432,1.00,1.00
2017.10.17 14:21:05.052,0.80425,0.80433,1.00,2.25
2017.10.17 14:21:06.999,0.80426,0.80433,1.00,1.00
2017.10.17 14:21:08.312,0.80427,0.80435,1.50,1.87
2017.10.17 14:21:09.182,0.80428,0.80435,1.00,1.00
2017.10.17 14:21:09.649,0.80426,0.80435,1.50,1.50
2017.10.17 14:21:13.745,0.80427,0.80435,1.00,2.25
2017.10.17 14:21:14.547,0.80426,0.80435,1.12,1.50
2017.10.17 14:21:20.212,0.80425,0.80435,2.62,2.25
2017.10.17 14:21:25.984,0.80425,0.80434,1.50,1.00
2017.10.17 14:21:26.580,0.80425,0.80433,1.50,1.00
2017.10.17 14:21:27.190,0.80424,0.80432,1.12,1.00
2017.10.17 14:21:28.822,0.80423,0.80432,2.81,1.00
2017.10.17 14:21:29.360,0.80423,0.80432,3.19,1.00
2017.10.17 14:21:29.902,0.80425,0.80432,1.00,1.00
2017.10.17 14:21:30.244,0.80423,0.80432,3.00,1.00
2017.10.17 14:21:30.745,0.80423,0.80432,3.00,1.00
2017.10.17 14:21:31.338,0.80423,0.80432,1.69,1.50
2017.10.17 14:21:32.126,0.8042,0.8043,3.75,2.25
2017.10.17 14:21:32.177,0.8042,0.80427,1.87,1.00
2017.10.17 14:21:32.584,0.80422,0.80427,1.00,1.00
2017.10.17 14:21:32.767,0.80422,0.80429,1.00,1.00
2017.10.17 14:21:33.274,0.80419,0.80429,4.13,3.00
2017.10.17 14:21:34.813,0.80419,0.80427,3.00,1.00
2017.10.17 14:21:40.877,0.80421,0.80427,1.50,1.00
2017.10.17 14:21:41.400,0.80422,0.80427,1.00,1.50
2017.10.17 14:21:41.902,0.80421,0.80427,1.00,1.00
2017.10.17 14:21:42.460,0.80422,0.80427,1.00,1.00
2017.10.17 14:21:42.765,0.80424,0.80428,1.00,1.00
2017.10.17 14:21:42.816,0.80424,0.8043,1.00,1.00
2017.10.17 14:21:44.872,0.80424,0.80431,1.00,1.00
2017.10.17 14:21:45.336,0.80426,0.80431,1.00,1.00
2017.10.17 14:21:45.644,0.80419,0.80426,1.69,1.00
2017.10.17 14:21:45.746,0.80419,0.80424,1.25,1.00
2017.10.17 14:21:45.847,0.80418,0.80426,1.31,2.25
2017.10.17 14:21:45.898,0.80418,0.80424,1.25,1.00
2017.10.17 14:21:46.557,0.80419,0.80426,1.00,2.62
2017.10.17 14:21:46.978,0.80421,0.80428,1.00,3.00
2017.10.17 14:21:47.080,0.80421,0.80428,1.00,2.25
2017.10.17 14:21:47.614,0.80422,0.80428,1.00,1.00
2017.10.17 14:21:48.979,0.80421,0.80428,1.25,1.00
2017.10.17 14:21:49.501,0.80421,0.80427,1.25,1.00
2017.10.17 14:21:49.606,0.80419,0.80427,1.25,1.50
2017.10.17 14:21:49.809,0.80421,0.80427,1.44,1.87
2017.10.17 14:21:50.313,0.80422,0.80428,1.00,1.00
2017.10.17 14:21:50.615,0.80419,0.80426,1.25,1.00
2017.10.17 14:21:50.666,0.80419,0.80424,1.25,1.00
2017.10.17 14:21:51.172,0.80418,0.80424,1.69,1.00
2017.10.17 14:21:52.207,0.80421,0.80427,1.00,2.25
2017.10.17 14:21:52.714,0.8042,0.80427,1.25,1.00
2017.10.17 14:21:53.052,0.80422,0.80428,1.00,1.00
2017.10.17 14:21:53.663,0.80421,0.80428,1.25,1.00
2017.10.17 14:21:54.195,0.80421,0.80426,1.00,1.00
2017.10.17 14:21:54.706,0.8042,0.80426,1.25,1.00
2017.10.17 14:21:55.671,0.80421,0.80426,1.00,1.00
2017.10.17 14:21:57.161,0.80419,0.80426,1.25,1.00
2017.10.17 14:21:57.212,0.80418,0.80424,1.50,1.00
2017.10.17 14:21:59.630,0.80417,0.80424,1.25,1.00
2017.10.17 14:22:00.727,0.80418,0.80425,1.00,1.00
2017.10.17 14:22:01.570,0.80417,0.80425,1.25,1.00
2017.10.17 14:22:02.079,0.80419,0.80425,1.00,1.00
2017.10.17 14:22:03.276,0.80418,0.80424,1.25,1.00
2017.10.17 14:22:04.951,0.80417,0.80424,1.00,1.12
2017.10.17 14:22:05.260,0.80417,0.80422,1.00,1.00
2017.10.17 14:22:06.596,0.80416,0.80422,1.25,1.00
2017.10.17 14:22:08.927,0.80417,0.80424,1.13,1.87
2017.10.17 14:22:09.466,0.80418,0.80424,1.25,1.12
2017.10.17 14:22:09.796,0.80416,0.80424,1.50,1.31
2017.10.17 14:22:09.847,0.80414,0.80422,1.50,1.00
2017.10.17 14:22:10.151,0.80417,0.80422,1.00,1.00
2017.10.17 14:22:12.103,0.80417,0.80424,1.25,1.50
2017.10.17 14:22:12.407,0.80419,0.80425,1.00,1.00
2017.10.17 14:22:13.558,0.80419,0.80426,1.25,1.00
2017.10.17 14:22:14.152,0.8042,0.80426,1.00,1.00
2017.10.17 14:22:14.707,0.80419,0.80426,1.25,1.00
2017.10.17 14:22:15.299,0.8042,0.80426,1.00,1.00
2017.10.17 14:22:16.231,0.80421,0.80426,1.00,1.00
2017.10.17 14:22:16.282,0.80421,0.80428,1.44,1.00
2017.10.17 14:22:16.833,0.80422,0.80429,1.25,1.00
2017.10.17 14:22:17.592,0.80423,0.80429,1.00,1.00
2017.10.17 14:22:18.110,0.80422,0.8043,1.00,1.12
2017.10.17 14:22:18.314,0.80424,0.8043,1.25,1.00
2017.10.17 14:22:19.797,0.80424,0.80431,1.00,1.00
2017.10.17 14:22:20.414,0.80422,0.80429,1.00,1.00
2017.10.17 14:22:20.719,0.80424,0.8043,1.00,1.00
2017.10.17 14:22:21.610,0.80423,0.8043,1.25,1.00
2017.10.17 14:22:22.161,0.80423,0.80431,1.25,1.00
2017.10.17 14:22:22.700,0.80421,0.80429,1.69,1.00
2017.10.17 14:22:23.005,0.80415,0.80422,1.75,1.00
2017.10.17 14:22:23.106,0.80415,0.80422,1.00,1.00
2017.10.17 14:22:23.669,0.80414,0.80422,1.00,1.50
2017.10.17 14:22:23.822,0.80416,0.80422,1.00,1.50
2017.10.17 14:22:24.495,0.80415,0.80422,1.00,1.00
2017.10.17 14:22:25.067,0.80417,0.80424,1.12,1.87
2017.10.17 14:22:25.580,0.80417,0.80425,1.87,1.00
2017.10.17 14:22:26.591,0.80418,0.80425,1.00,1.00
2017.10.17 14:22:27.110,0.80417,0.80425,1.50,1.00
2017.10.17 14:22:28.216,0.80418,0.80425,1.25,1.00
2017.10.17 14:22:29.286,0.80421,0.80426,1.25,1.12
2017.10.17 14:22:29.388,0.8042,0.80429,1.25,1.50
2017.10.17 14:22:29.863,0.8042,0.80427,1.00,1.00
2017.10.17 14:22:32.282,0.80423,0.80429,1.00,1.00
2017.10.17 14:22:32.688,0.80425,0.80431,1.00,1.00
2017.10.17 14:22:32.790,0.80425,0.80433,1.00,1.12
2017.10.17 14:22:33.327,0.80427,0.80433,1.00,1.00
2017.10.17 14:22:33.530,0.80427,0.80435,1.00,1.00
2017.10.17 14:22:35.776,0.80426,0.80435,1.25,1.50
2017.10.17 14:22:35.878,0.80426,0.80432,1.25,1.00
2017.10.17 14:22:36.058,0.80426,0.80434,1.12,1.00
2017.10.17 14:22:36.569,0.80426,0.80435,1.00,2.44
2017.10.17 14:22:37.075,0.80427,0.80435,1.00,1.50
2017.10.17 14:22:37.278,0.80425,0.80433,1.69,1.00
2017.10.17 14:22:38.352,0.80423,0.80433,2.06,1.50
2017.10.17 14:22:40.191,0.80426,0.80433,1.00,1.00
2017.10.17 14:22:40.852,0.80427,0.80433,1.00,1.00
2017.10.17 14:22:41.478,0.80426,0.80433,1.00,1.00
2017.10.17 14:22:41.737,0.80424,0.80433,1.12,1.00
2017.10.17 14:22:42.224,0.80426,0.80435,1.12,1.00
2017.10.17 14:22:43.634,0.80426,0.80433,1.00,1.00
2017.10.17 14:22:43.837,0.80424,0.80433,1.12,2.25
2017.10.17 14:22:44.463,0.80423,0.80433,3.56,1.50
2017.10.17 14:22:45.043,0.80424,0.80433,1.25,1.50
2017.10.17 14:22:45.571,0.80424,0.80432,1.25,1.00
2017.10.17 14:22:45.970,0.80426,0.80433,1.25,1.12
2017.10.17 14:22:46.224,0.80423,0.80432,1.50,1.00
2017.10.17 14:22:46.427,0.80421,0.80429,1.12,1.00
2017.10.17 14:22:46.761,0.80419,0.80427,1.19,1.12
2017.10.17 14:22:47.267,0.80419,0.80427,1.25,1.00
2017.10.17 14:22:47.869,0.80419,0.80428,2.06,1.50
2017.10.17 14:22:48.400,0.8042,0.80429,1.00,1.50
2017.10.17 14:22:48.945,0.80419,0.80428,2.44,1.00
2017.10.17 14:22:49.459,0.8042,0.80429,1.25,1.50
2017.10.17 14:22:50.308,0.80421,0.80429,1.00,1.50
2017.10.17 14:22:50.668,0.80419,0.80426,1.69,1.00
2017.10.17 14:22:51.022,0.80415,0.80425,1.50,2.25
2017.10.17 14:22:51.529,0.80416,0.80425,1.00,2.25
2017.10.17 14:22:52.540,0.80417,0.80425,1.25,1.00
2017.10.17 14:22:54.334,0.80418,0.80425,1.25,1.00
2017.10.17 14:22:54.855,0.80422,0.80426,1.25,1.00
2017.10.17 14:22:55.058,0.80425,0.80434,1.69,1.00
2017.10.17 14:22:55.353,0.80424,0.80432,2.44,1.00
2017.10.17 14:22:55.405,0.80423,0.80432,1.87,1.69
2017.10.17 14:22:55.609,0.80421,0.80429,1.35,1.00
2017.10.17 14:22:56.313,0.80421,0.80428,1.00,1.00
2017.10.17 14:22:56.467,0.80421,0.80431,2.63,3.00
2017.10.17 14:22:56.974,0.80421,0.80429,1.00,1.00
2017.10.17 14:22:58.910,0.80419,0.80427,1.00,1.00
2017.10.17 14:22:59.062,0.80416,0.80425,2.44,1.00
2017.10.17 14:22:59.791,0.80417,0.80425,1.25,1.00
2017.10.17 14:23:01.034,0.80418,0.80426,1.00,1.50
2017.10.17 14:23:01.559,0.80417,0.80425,1.31,1.00
2017.10.17 14:23:02.068,0.80417,0.80425,1.31,1.00
2017.10.17 14:23:02.588,0.80416,0.80425,2.25,1.00
2017.10.17 14:23:02.639,0.80416,0.80423,1.50,1.00
2017.10.17 14:23:03.993,0.80415,0.80423,1.00,1.50
2017.10.17 14:23:04.592,0.80414,0.80423,1.00,2.25
2017.10.17 14:23:05.024,0.80413,0.80421,1.50,1.00
2017.10.17 14:23:06.725,0.80412,0.8042,1.00,1.00
2017.10.17 14:23:06.827,0.8041,0.80419,1.87,1.00
2017.10.17 14:23:07.370,0.8041,0.80419,1.87,1.00
2017.10.17 14:23:07.974,0.80412,0.80419,1.25,1.00
2017.10.17 14:23:08.026,0.80412,0.80421,1.87,1.87
2017.10.17 14:23:08.677,0.80413,0.80421,1.25,1.00
2017.10.17 14:23:09.737,0.80414,0.80421,1.25,1.00
2017.10.17 14:23:10.260,0.80415,0.80421,1.25,1.00
2017.10.17 14:23:11.808,0.80413,0.80421,1.25,1.00
2017.10.17 14:23:12.011,0.80415,0.80421,1.00,1.00
2017.10.17 14:23:13.579,0.80413,0.80421,2.44,1.00
2017.10.17 14:23:14.080,0.80415,0.80421,1.00,1.00
2017.10.17 14:23:14.131,0.80415,0.80423,1.50,1.00
2017.10.17 14:23:15.958,0.80415,0.80421,1.00,1.00
2017.10.17 14:23:17.072,0.80415,0.80423,2.44,1.00
2017.10.17 14:23:18.101,0.80418,0.80423,1.00,1.00
2017.10.17 14:23:21.061,0.80417,0.80423,1.00,1.00
2017.10.17 14:23:21.742,0.80418,0.80423,1.00,1.00
2017.10.17 14:23:22.355,0.80417,0.80423,1.00,1.00
2017.10.17 14:23:23.028,0.80418,0.80423,1.00,1.00
2017.10.17 14:23:23.333,0.8042,0.80425,1.00,1.00
2017.10.17 14:23:26.398,0.80421,0.80425,1.00,1.00
2017.10.17 14:23:32.107,0.80421,0.80427,1.00,1.50
2017.10.17 14:23:35.131,0.80425,0.80429,1.25,1.12
2017.10.17 14:23:35.233,0.80429,0.80433,1.00,1.12
2017.10.17 14:23:35.739,0.80428,0.80433,1.00,1.00
2017.10.17 14:23:36.508,0.80427,0.80433,1.00,1.50
2017.10.17 14:23:36.609,0.80425,0.80431,1.00,1.00
2017.10.17 14:23:37.362,0.80422,0.80431,2.44,1.00
2017.10.17 14:23:38.236,0.80424,0.80431,1.00,1.50
2017.10.17 14:23:40.928,0.80425,0.80431,1.00,1.00
2017.10.17 14:23:41.766,0.80424,0.80431,1.25,1.00
2017.10.17 14:23:42.290,0.80425,0.80431,1.69,1.00
2017.10.17 14:23:43.271,0.80426,0.80431,1.00,1.00
2017.10.17 14:23:44.882,0.80425,0.80431,1.69,1.00
2017.10.17 14:23:46.000,0.80426,0.80431,1.00,1.00
2017.10.17 14:23:47.912,0.80425,0.80431,1.00,1.00
2017.10.17 14:23:47.964,0.80423,0.8043,2.25,1.00
2017.10.17 14:23:48.066,0.8042,0.80429,1.50,1.50
2017.10.17 14:23:49.553,0.8042,0.80428,1.00,1.00
2017.10.17 14:23:50.081,0.80419,0.80428,1.00,1.00
2017.10.17 14:23:51.810,0.80419,0.80427,1.00,1.00
2017.10.17 14:23:52.644,0.80418,0.80427,1.25,1.69
2017.10.17 14:23:53.731,0.80417,0.80426,2.62,1.00
2017.10.17 14:24:00.666,0.80419,0.80426,1.00,1.00
2017.10.17 14:24:01.706,0.80417,0.80426,1.25,1.50
2017.10.17 14:24:06.751,0.80418,0.80426,1.00,1.00
2017.10.17 14:24:13.494,0.80416,0.80425,1.00,1.69
2017.10.17 14:24:15.061,0.80416,0.80424,1.50,1.00
2017.10.17 14:24:15.634,0.80416,0.80425,1.50,2.25
2017.10.17 14:24:20.027,0.80415,0.80424,1.25,1.50
2017.10.17 14:24:32.611,0.80416,0.80424,1.00,1.50
2017.10.17 14:24:36.940,0.80415,0.80424,1.69,2.25
2017.10.17 14:24:37.509,0.80415,0.80423,1.69,1.00
2017.10.17 14:24:38.066,0.80415,0.80424,1.69,2.25
2017.10.17 14:24:38.792,0.80415,0.80423,1.69,1.00
2017.10.17 14:24:39.241,0.80415,0.80421,1.69,1.00
2017.10.17 14:24:39.840,0.80415,0.80422,1.50,1.00
2017.10.17 14:24:40.043,0.80413,0.80422,1.88,1.00
2017.10.17 14:24:40.732,0.80411,0.80419,2.44,1.00
2017.10.17 14:24:42.135,0.80411,0.80419,1.00,1.50
2017.10.17 14:24:42.559,0.80411,0.80417,1.00,1.00
2017.10.17 14:24:42.610,0.80408,0.80417,1.87,1.25
2017.10.17 14:24:42.712,0.80407,0.80415,1.37,1.00
2017.10.17 14:24:43.226,0.80407,0.80415,1.00,1.50
2017.10.17 14:24:43.542,0.8041,0.80415,1.00,1.00
2017.10.17 14:24:44.052,0.80408,0.80415,1.50,1.00
2017.10.17 14:24:46.052,0.80415,0.80419,1.00,1.00
2017.10.17 14:24:46.103,0.80415,0.80421,1.00,1.00
2017.10.17 14:24:46.154,0.80417,0.80424,1.00,1.75
2017.10.17 14:24:46.306,0.80417,0.80424,1.00,1.00
2017.10.17 14:24:47.813,0.80416,0.80424,1.12,1.00
2017.10.17 14:24:48.404,0.80415,0.80424,1.00,1.50
2017.10.17 14:24:50.862,0.80417,0.80424,1.25,1.00
2017.10.17 14:24:51.431,0.80417,0.80425,2.44,1.00
2017.10.17 14:24:52.871,0.80419,0.80425,1.00,1.00
2017.10.17 14:24:54.108,0.8042,0.80425,1.00,1.00
2017.10.17 14:24:54.373,0.8042,0.80428,1.50,1.00
2017.10.17 14:24:54.627,0.80422,0.80428,1.00,1.00
2017.10.17 14:24:56.159,0.8042,0.80428,1.00,1.00
2017.10.17 14:24:58.672,0.80421,0.80428,1.00,1.00
2017.10.17 14:24:59.129,0.80421,0.8043,1.00,1.50
2017.10.17 14:24:59.649,0.80422,0.8043,1.50,1.00
2017.10.17 14:25:02.601,0.80423,0.8043,1.00,1.00
2017.10.17 14:25:02.800,0.80419,0.80427,2.25,1.00
2017.10.17 14:25:02.953,0.80416,0.80424,1.12,1.25
2017.10.17 14:25:03.472,0.80417,0.80424,1.00,1.00
2017.10.17 14:25:04.456,0.80415,0.80424,2.44,1.00
2017.10.17 14:25:05.758,0.80415,0.80422,1.00,1.25
2017.10.17 14:25:06.260,0.80414,0.80422,1.00,1.00
2017.10.17 14:25:06.937,0.80415,0.80422,1.25,1.00
2017.10.17 14:25:08.083,0.80413,0.80422,1.87,1.00
2017.10.17 14:25:08.662,0.80414,0.80422,1.00,1.00
2017.10.17 14:25:10.002,0.80413,0.80422,1.31,1.50
2017.10.17 14:25:10.310,0.8041,0.8042,3.19,1.88
2017.10.17 14:25:10.361,0.80411,0.8042,1.00,1.00
2017.10.17 14:25:10.950,0.80412,0.8042,1.00,1.50
2017.10.17 14:25:16.688,0.80411,0.8042,1.00,1.50
2017.10.17 14:25:17.193,0.8041,0.8042,3.37,1.50
2017.10.17 14:25:19.123,0.8041,0.80419,2.62,1.00
2017.10.17 14:25:19.645,0.8041,0.80418,1.00,1.00
2017.10.17 14:25:21.664,0.80408,0.80418,2.25,2.25
2017.10.17 14:25:21.766,0.80408,0.80416,1.00,1.00
2017.10.17 14:25:22.850,0.80407,0.80416,1.31,1.00
2017.10.17 14:25:25.439,0.80408,0.80416,1.00,1.50
2017.10.17 14:25:26.100,0.80408,0.80414,1.00,1.00
2017.10.17 14:25:26.761,0.80406,0.80414,1.87,1.00
2017.10.17 14:25:26.914,0.80408,0.80414,1.00,1.00
2017.10.17 14:25:28.711,0.80406,0.80414,1.50,1.00
2017.10.17 14:25:30.052,0.80407,0.80414,1.00,1.00
2017.10.17 14:25:31.164,0.80408,0.80414,1.00,1.00
2017.10.17 14:25:33.106,0.80407,0.80414,1.69,1.00
2017.10.17 14:25:36.730,0.80408,0.80414,1.00,1.00
2017.10.17 14:25:37.408,0.80407,0.80414,1.69,1.00
2017.10.17 14:25:39.770,0.80408,0.80414,1.00,1.00
2017.10.17 14:25:42.742,0.80407,0.80414,1.25,1.00
2017.10.17 14:25:43.098,0.80404,0.80413,2.62,1.00
2017.10.17 14:25:43.613,0.80404,0.80412,1.00,1.00
2017.10.17 14:25:47.532,0.80407,0.80412,1.25,1.00
2017.10.17 14:25:47.583,0.80407,0.80414,1.25,1.00
2017.10.17 14:25:49.059,0.80408,0.80414,1.00,1.00
2017.10.17 14:25:54.316,0.80407,0.80414,1.00,1.00
2017.10.17 14:25:56.108,0.80408,0.80414,1.00,1.00
2017.10.17 14:25:56.984,0.80408,0.80416,1.50,1.00
2017.10.17 14:25:59.006,0.80406,0.80414,2.06,1.00
2017.10.17 14:26:00.913,0.80404,0.80413,3.94,1.00
2017.10.17 14:26:01.067,0.80404,0.80413,3.56,1.00
2017.10.17 14:26:01.168,0.80406,0.80414,1.00,1.00
2017.10.17 14:26:01.693,0.80405,0.80414,1.00,2.44
2017.10.17 14:26:02.743,0.80406,0.80414,1.25,1.00
2017.10.17 14:26:04.205,0.80406,0.80413,1.25,1.00
2017.10.17 14:26:04.744,0.80406,0.80414,1.25,1.00
2017.10.17 14:26:09.239,0.80406,0.80412,1.00,1.00
2017.10.17 14:26:10.509,0.80405,0.80412,1.69,1.00
2017.10.17 14:26:11.052,0.80406,0.80412,1.00,1.00
2017.10.17 14:26:12.143,0.80407,0.80412,1.00,1.00
2017.10.17 14:26:12.451,0.80409,0.80414,1.00,1.00
2017.10.17 14:26:17.761,0.80411,0.80416,1.00,1.50
2017.10.17 14:26:19.835,0.80411,0.80418,1.00,1.00
2017.10.17 14:26:21.293,0.80411,0.80416,1.50,1.63
2017.10.17 14:26:21.498,0.80405,0.80412,1.37,1.00
2017.10.17 14:26:21.549,0.80403,0.80412,1.69,1.50
2017.10.17 14:26:22.065,0.80404,0.80412,1.00,1.00
2017.10.17 14:26:22.611,0.80404,0.80413,1.69,1.00
2017.10.17 14:26:27.446,0.80403,0.80411,1.00,1.00
2017.10.17 14:26:27.948,0.80404,0.80411,1.00,1.00
2017.10.17 14:26:32.301,0.80406,0.80411,1.00,1.00
2017.10.17 14:26:33.624,0.80407,0.80413,1.13,1.00
2017.10.17 14:26:33.726,0.80407,0.80416,1.13,2.62
2017.10.17 14:26:35.456,0.80406,0.80414,1.50,1.00
2017.10.17 14:26:36.951,0.80407,0.80415,1.00,1.00
2017.10.17 14:26:37.547,0.80408,0.80416,1.50,1.00
2017.10.17 14:26:38.688,0.80407,0.80416,1.00,2.44
2017.10.17 14:26:39.171,0.80406,0.80414,1.00,1.00
2017.10.17 14:26:40.022,0.80404,0.80414,3.60,1.50
2017.10.17 14:26:41.190,0.80406,0.80414,1.00,1.00
2017.10.17 14:26:41.703,0.80404,0.80414,3.75,1.00
2017.10.17 14:26:45.036,0.80406,0.80414,1.20,1.00
2017.10.17 14:26:46.629,0.80407,0.80414,1.00,1.00
2017.10.17 14:26:50.056,0.80408,0.80416,1.50,1.00
2017.10.17 14:26:50.566,0.80407,0.80416,1.84,1.50
2017.10.17 14:26:51.567,0.80408,0.80416,1.00,1.00
2017.10.17 14:26:52.167,0.80407,0.80416,1.50,1.00
2017.10.17 14:26:53.338,0.80407,0.80414,1.50,1.00
2017.10.17 14:26:55.555,0.80406,0.80414,1.20,1.00
2017.10.17 14:26:56.520,0.80408,0.80414,1.00,1.00
2017.10.17 14:27:02.058,0.80407,0.80414,1.00,1.00
2017.10.17 14:27:03.064,0.80406,0.80414,1.00,1.00
2017.10.17 14:27:03.470,0.80403,0.8041,1.00,1.50
2017.10.17 14:27:03.776,0.80402,0.80408,1.00,1.00
2017.10.17 14:27:07.237,0.804,0.80408,1.69,1.00
2017.10.17 14:27:07.671,0.80399,0.80406,1.44,1.00
2017.10.17 14:27:08.177,0.80401,0.80406,1.00,1.00
2017.10.17 14:27:08.633,0.80401,0.80408,1.00,1.00
2017.10.17 14:27:10.129,0.804,0.80408,1.00,1.00
2017.10.17 14:27:10.644,0.80401,0.80408,1.00,1.00
2017.10.17 14:27:11.194,0.804,0.80408,1.25,1.00
2017.10.17 14:27:17.600,0.80399,0.80408,1.25,1.50
2017.10.17 14:27:18.100,0.80401,0.80408,1.00,1.50
2017.10.17 14:27:18.605,0.804,0.80408,1.13,1.50
2017.10.17 14:27:19.302,0.80401,0.80408,1.25,1.00
2017.10.17 14:27:19.843,0.80402,0.80408,1.00,1.00
2017.10.17 14:27:22.234,0.80401,0.80408,1.69,1.00
2017.10.17 14:27:23.290,0.804,0.80408,1.12,1.00
2017.10.17 14:27:24.146,0.80398,0.80406,2.44,1.00
2017.10.17 14:27:24.298,0.80397,0.80406,1.13,1.00
2017.10.17 14:27:24.844,0.80398,0.80406,1.00,1.50
2017.10.17 14:27:25.943,0.80397,0.80406,1.50,2.44
2017.10.17 14:27:26.201,0.80397,0.80404,1.50,1.00
2017.10.17 14:27:29.928,0.80396,0.80404,1.31,1.50
2017.10.17 14:27:31.346,0.80397,0.80404,1.00,1.00
2017.10.17 14:27:32.137,0.80397,0.80403,1.00,1.00
2017.10.17 14:27:35.712,0.80395,0.80402,1.50,1.25
2017.10.17 14:27:35.915,0.80391,0.80399,1.87,1.00
2017.10.17 14:27:36.694,0.8039,0.80399,1.12,1.50
2017.10.17 14:27:37.425,0.80393,0.80398,1.00,1.00
2017.10.17 14:27:37.790,0.80393,0.80401,1.00,1.00
2017.10.17 14:27:38.043,0.80392,0.80399,1.12,1.00
2017.10.17 14:27:38.578,0.80391,0.80399,1.69,1.00
2017.10.17 14:27:38.882,0.80393,0.80399,1.00,1.00
2017.10.17 14:27:40.275,0.80391,0.80399,1.69,1.00
2017.10.17 14:27:40.784,0.80393,0.80398,1.00,1.00
2017.10.17 14:27:40.886,0.80393,0.80401,1.88,1.00
2017.10.17 14:27:41.999,0.80392,0.80401,1.00,2.44
2017.10.17 14:27:42.103,0.80391,0.80399,1.25,1.00
2017.10.17 14:27:43.067,0.80392,0.80399,1.00,1.00
2017.10.17 14:27:43.373,0.80394,0.80401,1.00,1.00
2017.10.17 14:27:44.409,0.80393,0.80401,1.00,1.00
2017.10.17 14:27:44.734,0.80391,0.80399,1.25,1.00
2017.10.17 14:27:45.560,0.80392,0.80399,1.00,1.00
2017.10.17 14:27:45.977,0.80393,0.80401,1.00,1.50
2017.10.17 14:27:47.967,0.80395,0.80401,1.00,1.00
2017.10.17 14:27:54.886,0.80397,0.80401,1.00,1.00
2017.10.17 14:27:54.987,0.80399,0.80404,1.69,1.00
2017.10.17 14:27:55.038,0.804,0.80406,1.50,1.12
2017.10.17 14:27:55.571,0.80397,0.80406,1.69,1.50
2017.10.17 14:27:56.167,0.80397,0.80406,1.50,4.54
2017.10.17 14:27:56.219,0.80395,0.80401,1.50,1.50
2017.10.17 14:27:56.410,0.80391,0.804,1.25,1.50
2017.10.17 14:27:57.197,0.80397,0.80401,1.00,1.00
2017.10.17 14:27:57.407,0.80398,0.80405,1.00,1.75
2017.10.17 14:27:57.460,0.80398,0.80405,1.50,1.00
2017.10.17 14:27:58.001,0.80397,0.80405,1.00,1.50
2017.10.17 14:27:58.503,0.80396,0.80405,2.06,1.00
2017.10.17 14:28:01.236,0.80396,0.80402,1.12,1.00
2017.10.17 14:28:01.287,0.80394,0.80402,1.69,1.00
2017.10.17 14:28:01.865,0.80395,0.80402,1.00,1.00
2017.10.17 14:28:02.391,0.80392,0.80399,3.00,1.00
2017.10.17 14:28:02.999,0.80392,0.80399,1.00,1.50
2017.10.17 14:28:03.509,0.80391,0.80399,1.25,1.50
2017.10.17 14:28:04.393,0.80391,0.80398,1.25,1.00
2017.10.17 14:28:04.939,0.80391,0.80399,1.25,2.25
2017.10.17 14:28:05.393,0.8039,0.80397,1.00,1.50
2017.10.17 14:28:05.850,0.80392,0.80398,1.00,1.00
2017.10.17 14:28:06.886,0.80393,0.80398,1.00,1.00
2017.10.17 14:28:06.937,0.80393,0.804,1.00,1.00
2017.10.17 14:28:08.083,0.80392,0.804,1.00,1.50
2017.10.17 14:28:08.134,0.8039,0.804,2.44,2.25
2017.10.17 14:28:08.187,0.80392,0.804,1.00,2.25
2017.10.17 14:28:08.493,0.80394,0.804,1.25,1.50
2017.10.17 14:28:09.035,0.80394,0.80403,1.25,2.25
2017.10.17 14:28:09.588,0.80393,0.80402,2.44,1.00
2017.10.17 14:28:11.922,0.80396,0.80403,1.31,1.12
2017.10.17 14:28:12.125,0.80399,0.80408,2.25,1.00
2017.10.17 14:28:12.598,0.80396,0.80402,2.00,1.50
2017.10.17 14:28:12.756,0.80395,0.80403,1.50,1.12
2017.10.17 14:28:12.858,0.80393,0.80402,1.50,1.50
2017.10.17 14:28:13.780,0.80394,0.80403,1.25,2.62
2017.10.17 14:28:14.036,0.80393,0.80399,1.00,1.00
2017.10.17 14:28:14.087,0.80391,0.80399,2.44,1.00
2017.10.17 14:28:14.341,0.80394,0.80401,1.00,1.87
2017.10.17 14:28:14.541,0.80395,0.80404,2.44,1.50
2017.10.17 14:28:15.048,0.80397,0.80404,1.00,1.00
2017.10.17 14:28:15.349,0.80395,0.80401,1.00,1.00
2017.10.17 14:28:15.402,0.80392,0.80401,1.00,1.00
2017.10.17 14:28:15.609,0.80394,0.80402,1.00,1.50
2017.10.17 14:28:16.335,0.80395,0.80402,1.00,1.00
2017.10.17 14:28:16.842,0.80395,0.80404,1.00,2.81
2017.10.17 14:28:17.368,0.80395,0.80403,1.50,1.00
2017.10.17 14:28:17.673,0.80396,0.80405,1.00,1.50
2017.10.17 14:28:19.139,0.80395,0.80403,1.69,1.00
2017.10.17 14:28:20.013,0.80395,0.80403,1.50,1.00
2017.10.17 14:28:20.802,0.80396,0.80404,1.00,1.00
2017.10.17 14:28:22.270,0.80396,0.80402,1.00,1.00
2017.10.17 14:28:22.773,0.80395,0.80402,1.50,1.00
2017.10.17 14:28:25.267,0.80393,0.804,1.00,1.50
2017.10.17 14:28:25.369,0.80393,0.80402,2.44,1.25
2017.10.17 14:28:25.674,0.80395,0.80403,1.00,1.50
2017.10.17 14:28:25.954,0.80398,0.80408,3.00,2.25
2017.10.17 14:28:26.833,0.80399,0.80408,1.00,1.50
2017.10.17 14:28:27.339,0.80398,0.80407,1.50,1.25
