2012.11.23 07:00:01.075,0.67253,0.67271,2.63,1.50
2012.11.23 07:00:01.346,0.67257,0.67273,2.25,1.50
2012.11.23 07:00:01.417,0.67257,0.67277,2.25,1.50
2012.11.23 07:00:02.505,0.67261,0.67278,2.25,1.50
2012.11.23 07:00:02.626,0.67261,0.6728,2.63,1.50
2012.11.23 07:00:02.685,0.67265,0.67282,2.25,1.50
2012.11.23 07:00:03.225,0.67265,0.67283,3.00,1.50
2012.11.23 07:00:03.286,0.67268,0.67285,1.50,1.50
2012.11.23 07:00:03.346,0.67268,0.67288,1.50,1.50
2012.11.23 07:00:04.296,0.67268,0.67288,2.25,1.50
2012.11.23 07:00:05.226,0.67273,0.67291,1.50,1.50
2012.11.23 07:00:06.016,0.67273,0.67291,2.25,1.50
2012.11.23 07:00:08.425,0.67273,0.67291,2.63,1.50
2012.11.23 07:00:08.745,0.67278,0.67296,3.00,1.50
2012.11.23 07:00:12.235,0.67278,0.67296,1.50,1.50
2012.11.23 07:00:13.195,0.67278,0.67296,2.25,1.50
2012.11.23 07:00:22.294,0.67275,0.67294,3.00,1.50
2012.11.23 07:00:22.354,0.67275,0.67294,3.00,1.50
2012.11.23 07:00:29.516,0.67275,0.67294,1.73,1.73
2012.11.23 07:00:32.075,0.67275,0.67294,1.73,1.50
2012.11.23 07:00:32.588,0.67277,0.67297,1.73,1.73
2012.11.23 07:00:36.225,0.67277,0.67297,2.48,1.73
2012.11.23 07:00:38.565,0.67277,0.67297,1.73,1.73
2012.11.23 07:00:41.465,0.67277,0.67297,2.48,1.73
2012.11.23 07:00:42.295,0.67275,0.67294,2.10,1.50
2012.11.23 07:00:49.276,0.67276,0.67294,1.73,1.50
2012.11.23 07:00:55.924,0.67277,0.67294,1.73,1.50
2012.11.23 07:01:00.705,0.67281,0.67294,1.73,1.50
2012.11.23 07:01:01.155,0.67281,0.67296,1.73,1.50
2012.11.23 07:01:01.455,0.67282,0.673,2.48,1.50
2012.11.23 07:01:02.074,0.67286,0.67304,2.48,2.10
2012.11.23 07:01:13.025,0.67285,0.67305,2.48,1.73
2012.11.23 07:01:16.295,0.67293,0.67309,1.50,1.35
2012.11.23 07:01:16.668,0.67293,0.67311,2.25,1.73
2012.11.23 07:01:16.786,0.67294,0.67311,2.48,1.73
2012.11.23 07:01:17.377,0.67296,0.67317,2.48,3.60
2012.11.23 07:01:19.951,0.67296,0.67317,3.23,2.10
2012.11.23 07:01:24.543,0.673,0.67319,1.50,2.85
2012.11.23 07:01:24.845,0.673,0.67321,2.48,2.48
2012.11.23 07:01:29.995,0.67302,0.67321,1.73,1.50
2012.11.23 07:01:30.533,0.67303,0.67325,2.48,2.48
2012.11.23 07:01:35.295,0.67303,0.67323,1.73,1.35
2012.11.23 07:01:35.506,0.67303,0.67325,2.48,2.10
2012.11.23 07:01:37.675,0.67303,0.67325,2.48,2.10
2012.11.23 07:01:37.917,0.67303,0.67325,2.48,2.10
2012.11.23 07:01:39.745,0.67304,0.67325,1.73,2.10
2012.11.23 07:01:40.213,0.67304,0.67325,1.73,1.73
2012.11.23 07:01:49.695,0.67303,0.67325,2.10,2.48
2012.11.23 07:01:49.755,0.67303,0.67325,2.10,2.48
2012.11.23 07:01:50.625,0.67303,0.67322,1.73,1.73
2012.11.23 07:01:55.322,0.67307,0.67325,1.50,2.48
2012.11.23 07:01:55.390,0.67307,0.67325,1.73,2.48
2012.11.23 07:01:57.035,0.67307,0.67325,1.73,2.25
2012.11.23 07:02:04.397,0.6731,0.67329,1.73,2.48
2012.11.23 07:02:04.855,0.6731,0.67329,1.73,2.48
2012.11.23 07:02:05.527,0.6731,0.6733,2.48,3.98
2012.11.23 07:02:12.007,0.6731,0.6733,2.48,3.98
2012.11.23 07:02:15.785,0.6731,0.67329,1.73,2.48
2012.11.23 07:02:16.026,0.6731,0.6733,1.73,2.48
2012.11.23 07:02:16.145,0.67311,0.6733,1.73,2.48
2012.11.23 07:02:16.265,0.6731,0.6733,3.23,2.48
2012.11.23 07:02:17.165,0.6731,0.6733,2.48,2.48
2012.11.23 07:02:21.562,0.6731,0.6733,3.23,2.48
2012.11.23 07:02:21.895,0.67317,0.67337,1.73,2.48
2012.11.23 07:02:22.605,0.67316,0.67337,1.35,2.48
2012.11.23 07:02:22.785,0.67312,0.67332,2.48,1.50
2012.11.23 07:02:22.845,0.67312,0.67332,2.48,1.73
2012.11.23 07:02:23.215,0.67312,0.67332,2.48,1.73
2012.11.23 07:02:31.626,0.67315,0.67336,2.48,2.48
2012.11.23 07:02:39.205,0.67315,0.67335,2.25,1.35
2012.11.23 07:02:39.265,0.67315,0.67335,1.50,1.35
2012.11.23 07:02:39.825,0.67315,0.67335,1.73,1.35
2012.11.23 07:02:39.885,0.67315,0.67336,2.48,2.10
2012.11.23 07:02:39.945,0.67318,0.67338,2.48,1.35
2012.11.23 07:02:40.305,0.6732,0.6734,1.73,2.48
2012.11.23 07:02:40.845,0.67322,0.67343,3.23,2.85
2012.11.23 07:02:42.514,0.67327,0.67343,1.50,1.35
2012.11.23 07:02:42.975,0.67327,0.67345,1.50,2.48
2012.11.23 07:02:44.327,0.67327,0.67345,1.73,2.48
2012.11.23 07:02:45.015,0.67326,0.67342,1.73,1.50
2012.11.23 07:02:45.544,0.67325,0.67342,1.73,1.73
2012.11.23 07:02:46.046,0.67322,0.67342,2.48,2.48
2012.11.23 07:02:47.738,0.67322,0.67342,2.48,2.48
2012.11.23 07:02:52.045,0.67322,0.67342,2.48,2.48
2012.11.23 07:02:52.795,0.67318,0.67338,1.73,1.73
2012.11.23 07:02:52.858,0.67317,0.67338,3.60,2.48
2012.11.23 07:02:53.216,0.67315,0.67334,1.35,2.25
2012.11.23 07:02:53.640,0.67314,0.67334,2.10,2.48
2012.11.23 07:02:54.208,0.67311,0.67331,2.10,2.48
2012.11.23 07:02:54.265,0.67311,0.67325,2.10,1.50
2012.11.23 07:02:54.628,0.67307,0.67325,1.73,1.50
2012.11.23 07:02:54.856,0.67306,0.67322,1.73,1.50
2012.11.23 07:02:54.975,0.67304,0.67322,2.10,1.50
2012.11.23 07:02:55.277,0.67304,0.67322,2.10,2.25
2012.11.23 07:02:55.464,0.67302,0.67319,2.10,2.25
2012.11.23 07:02:55.587,0.67299,0.67317,2.48,1.50
2012.11.23 07:02:58.715,0.67299,0.67317,2.48,1.50
2012.11.23 07:02:59.575,0.67299,0.67317,2.48,1.50
2012.11.23 07:02:59.695,0.67299,0.67317,2.48,1.50
2012.11.23 07:02:59.815,0.67299,0.67317,2.48,1.50
2012.11.23 07:03:02.975,0.67302,0.67322,1.73,2.48
2012.11.23 07:03:07.085,0.67302,0.67322,1.73,1.73
2012.11.23 07:03:07.205,0.67302,0.67322,2.48,1.50
2012.11.23 07:03:07.781,0.67302,0.67322,2.48,1.50
2012.11.23 07:03:08.290,0.67302,0.67322,2.48,1.50
2012.11.23 07:03:15.105,0.67302,0.67322,2.48,1.50
2012.11.23 07:03:18.785,0.67306,0.67325,2.48,1.50
2012.11.23 07:03:38.915,0.67306,0.67325,2.48,1.88
2012.11.23 07:03:39.095,0.67297,0.67315,1.73,2.48
2012.11.23 07:03:43.795,0.67292,0.67312,2.48,1.73
2012.11.23 07:03:44.305,0.67293,0.67312,1.73,1.73
2012.11.23 07:03:44.365,0.67293,0.67312,1.73,1.50
2012.11.23 07:03:46.567,0.67292,0.67312,2.48,2.25
2012.11.23 07:03:46.815,0.67292,0.67312,1.50,2.48
2012.11.23 07:03:47.321,0.67288,0.67308,1.73,1.73
2012.11.23 07:03:49.438,0.67287,0.67304,1.73,1.50
2012.11.23 07:03:49.616,0.67284,0.67304,1.73,2.25
2012.11.23 07:03:49.738,0.67284,0.67304,1.73,2.48
2012.11.23 07:03:49.857,0.67284,0.67304,1.50,2.48
2012.11.23 07:03:50.096,0.67282,0.67299,1.50,2.48
2012.11.23 07:03:50.578,0.67279,0.67295,1.73,1.50
2012.11.23 07:03:57.507,0.67277,0.67295,1.73,1.73
2012.11.23 07:03:57.571,0.67272,0.67292,3.23,1.50
2012.11.23 07:03:57.875,0.67272,0.67289,1.50,2.48
2012.11.23 07:03:57.996,0.67269,0.67287,1.73,1.73
2012.11.23 07:04:01.305,0.67269,0.67287,1.73,1.73
2012.11.23 07:04:16.701,0.67273,0.67289,1.50,1.73
2012.11.23 07:04:16.946,0.67273,0.67291,1.73,1.50
2012.11.23 07:04:17.065,0.67276,0.67296,1.73,3.23
2012.11.23 07:04:17.186,0.67276,0.67296,2.48,2.48
2012.11.23 07:04:17.826,0.67276,0.67296,1.73,2.48
2012.11.23 07:04:17.945,0.67276,0.67296,1.73,2.48
2012.11.23 07:04:22.666,0.67276,0.67296,2.48,1.73
2012.11.23 07:04:22.785,0.67276,0.67296,3.23,1.73
2012.11.23 07:04:23.636,0.67281,0.67301,1.73,1.73
2012.11.23 07:04:23.755,0.67281,0.67301,1.73,1.50
2012.11.23 07:04:24.366,0.67285,0.67304,1.73,2.48
2012.11.23 07:04:25.015,0.67285,0.67304,2.48,2.25
2012.11.23 07:04:25.436,0.67288,0.67308,2.48,2.48
2012.11.23 07:04:29.260,0.67289,0.67311,1.73,2.48
2012.11.23 07:04:36.825,0.67289,0.67311,1.73,2.48
2012.11.23 07:04:56.355,0.67287,0.67308,2.48,2.48
2012.11.23 07:04:56.863,0.67283,0.67305,3.23,1.73
2012.11.23 07:04:56.926,0.67283,0.67305,2.48,2.48
2012.11.23 07:05:00.556,0.67283,0.67302,1.50,1.73
2012.11.23 07:05:01.155,0.67278,0.673,1.73,2.48
2012.11.23 07:05:07.245,0.67278,0.673,1.73,2.48
2012.11.23 07:05:07.485,0.67276,0.67296,2.48,1.73
2012.11.23 07:05:07.959,0.67276,0.67296,2.48,1.73
2012.11.23 07:05:17.896,0.67278,0.67296,1.73,1.50
2012.11.23 07:05:17.956,0.6728,0.673,1.73,2.48
2012.11.23 07:05:18.016,0.6728,0.673,1.50,2.48
2012.11.23 07:05:18.075,0.6728,0.673,1.50,2.48
2012.11.23 07:05:18.631,0.6728,0.67298,1.50,1.73
2012.11.23 07:05:18.697,0.67276,0.67296,1.73,2.48
2012.11.23 07:05:18.755,0.67276,0.67296,1.50,2.48
2012.11.23 07:05:24.259,0.67273,0.67291,1.73,1.73
2012.11.23 07:05:37.086,0.67273,0.67291,1.73,2.48
2012.11.23 07:05:37.446,0.67264,0.67284,1.73,2.25
2012.11.23 07:05:37.566,0.67264,0.67284,1.73,2.48
2012.11.23 07:05:37.686,0.67264,0.67284,1.73,2.48
2012.11.23 07:05:38.660,0.67264,0.67284,1.73,2.48
2012.11.23 07:05:44.966,0.67263,0.6728,1.73,1.73
2012.11.23 07:05:49.906,0.6726,0.6728,2.48,1.73
2012.11.23 07:05:55.225,0.67265,0.67285,2.48,3.23
2012.11.23 07:05:55.466,0.67265,0.67285,2.48,2.48
2012.11.23 07:05:56.005,0.67265,0.67285,2.48,2.48
2012.11.23 07:06:02.727,0.67266,0.67285,1.73,1.73
2012.11.23 07:06:03.486,0.67271,0.67293,1.13,1.73
2012.11.23 07:06:03.546,0.67271,0.67293,1.35,1.50
2012.11.23 07:06:05.355,0.67271,0.67293,1.35,2.25
2012.11.23 07:06:05.415,0.67269,0.67292,2.42,1.50
2012.11.23 07:06:05.536,0.67267,0.67288,2.48,2.48
2012.11.23 07:06:09.945,0.67264,0.67283,1.73,1.50
2012.11.23 07:06:11.526,0.67265,0.67286,1.73,2.48
2012.11.23 07:06:12.455,0.67265,0.67285,1.73,2.48
2012.11.23 07:06:12.636,0.67262,0.67283,1.35,2.48
2012.11.23 07:06:16.134,0.67259,0.67283,1.35,1.73
2012.11.23 07:06:20.183,0.67257,0.67283,2.10,1.73
2012.11.23 07:06:20.836,0.67259,0.67283,1.35,1.73
2012.11.23 07:06:28.736,0.67259,0.67282,1.35,1.73
2012.11.23 07:06:29.096,0.67262,0.67283,2.48,1.73
2012.11.23 07:06:29.216,0.67262,0.67283,2.48,1.73
2012.11.23 07:06:43.095,0.67267,0.67288,2.48,1.73
2012.11.23 07:06:44.236,0.67271,0.67291,2.48,1.35
2012.11.23 07:06:44.415,0.67271,0.67292,2.48,2.10
2012.11.23 07:06:46.995,0.67267,0.67289,1.73,2.25
2012.11.23 07:06:47.175,0.67267,0.67287,1.50,1.73
2012.11.23 07:06:59.945,0.67267,0.67287,1.50,1.73
2012.11.23 07:07:02.656,0.67267,0.67288,2.48,1.73
2012.11.23 07:07:03.746,0.67267,0.67288,2.48,1.73
2012.11.23 07:07:03.866,0.67271,0.67288,2.48,1.35
2012.11.23 07:07:04.327,0.67272,0.67289,3.08,2.25
2012.11.23 07:07:04.686,0.67279,0.67297,1.50,2.48
2012.11.23 07:07:05.496,0.67279,0.67297,1.73,2.48
2012.11.23 07:07:06.035,0.67279,0.67297,1.73,3.23
2012.11.23 07:07:07.455,0.67279,0.67297,2.48,2.48
2012.11.23 07:07:07.965,0.67281,0.67299,2.48,1.73
2012.11.23 07:07:15.585,0.67281,0.67301,2.48,1.35
2012.11.23 07:07:21.425,0.67281,0.67302,2.48,1.73
2012.11.23 07:07:28.076,0.67285,0.67309,1.58,1.35
2012.11.23 07:07:28.196,0.67285,0.67309,1.58,1.35
2012.11.23 07:07:29.180,0.67287,0.67312,1.58,1.73
2012.11.23 07:07:29.307,0.6729,0.67314,2.48,1.73
2012.11.23 07:07:29.498,0.6729,0.67315,2.48,1.35
2012.11.23 07:07:29.556,0.6729,0.67317,2.48,1.35
2012.11.23 07:07:32.525,0.67293,0.67319,1.35,3.23
2012.11.23 07:07:34.316,0.67296,0.6732,1.58,1.35
2012.11.23 07:07:35.386,0.67296,0.6732,2.33,1.35
2012.11.23 07:07:35.717,0.67296,0.6732,1.58,1.35
2012.11.23 07:07:36.157,0.67296,0.6732,1.58,1.35
2012.11.23 07:07:39.856,0.67294,0.67318,2.48,1.73
2012.11.23 07:07:40.036,0.67291,0.6731,1.73,1.35
2012.11.23 07:07:40.156,0.67291,0.67316,1.73,1.73
2012.11.23 07:07:40.216,0.67291,0.67317,2.10,2.10
2012.11.23 07:07:46.883,0.67291,0.6732,3.60,1.35
2012.11.23 07:07:47.318,0.67296,0.67322,2.85,1.35
2012.11.23 07:07:50.845,0.67296,0.67322,2.85,1.35
2012.11.23 07:08:04.255,0.67296,0.6732,1.35,1.73
2012.11.23 07:08:04.756,0.67291,0.67318,1.73,1.35
2012.11.23 07:08:05.736,0.67289,0.67313,2.48,1.35
2012.11.23 07:08:05.855,0.67289,0.67313,2.48,1.35
2012.11.23 07:08:05.916,0.67289,0.67313,2.48,1.35
2012.11.23 07:08:07.866,0.67286,0.67312,2.48,2.10
2012.11.23 07:08:08.442,0.67287,0.67309,1.73,2.48
2012.11.23 07:08:11.376,0.67281,0.67305,3.23,1.73
2012.11.23 07:08:11.636,0.67281,0.67305,3.23,1.73
2012.11.23 07:08:18.935,0.67281,0.67305,2.48,2.48
2012.11.23 07:08:25.155,0.67285,0.67306,2.48,1.35
2012.11.23 07:08:25.619,0.67285,0.67308,2.48,2.48
2012.11.23 07:08:25.698,0.67289,0.67311,2.48,1.73
2012.11.23 07:08:32.157,0.6729,0.67311,1.35,1.73
2012.11.23 07:08:32.335,0.67292,0.67313,3.23,1.73
2012.11.23 07:08:32.825,0.67292,0.67316,2.48,2.48
2012.11.23 07:08:53.446,0.67291,0.67318,1.35,4.21
2012.11.23 07:08:53.574,0.67291,0.67316,1.35,1.73
2012.11.23 07:08:53.876,0.6729,0.67312,3.23,2.10
2012.11.23 07:08:54.115,0.6729,0.67312,3.23,2.10
2012.11.23 07:09:25.996,0.67292,0.67312,1.73,1.73
2012.11.23 07:09:26.357,0.67297,0.67315,1.73,2.48
2012.11.23 07:09:26.895,0.67297,0.67315,1.73,1.50
2012.11.23 07:09:32.651,0.67297,0.67315,1.73,1.73
2012.11.23 07:09:47.289,0.67297,0.67317,1.73,2.10
2012.11.23 07:09:51.136,0.67293,0.67313,2.48,1.50
2012.11.23 07:09:51.919,0.67293,0.67307,1.50,1.58
2012.11.23 07:09:52.170,0.6729,0.67307,1.50,1.58
2012.11.23 07:09:52.237,0.67282,0.673,1.73,2.25
2012.11.23 07:09:52.356,0.67282,0.673,1.50,2.48
2012.11.23 07:09:52.477,0.67279,0.67297,1.50,2.48
2012.11.23 07:09:52.986,0.67278,0.67297,1.50,2.48
2012.11.23 07:10:12.883,0.67277,0.67295,1.73,2.48
2012.11.23 07:10:25.585,0.67276,0.67295,2.48,1.50
2012.11.23 07:11:12.816,0.67279,0.67297,2.48,1.73
2012.11.23 07:11:13.416,0.67279,0.67297,2.48,1.73
2012.11.23 07:11:32.676,0.67279,0.67299,2.48,1.73
2012.11.23 07:11:50.015,0.67282,0.673,1.73,1.73
2012.11.23 07:12:06.336,0.67284,0.67302,1.50,2.48
2012.11.23 07:12:06.696,0.67286,0.67306,2.25,2.85
2012.11.23 07:12:06.756,0.67286,0.67306,2.48,2.10
2012.11.23 07:12:08.077,0.67286,0.67306,2.48,2.10
2012.11.23 07:12:08.896,0.67289,0.6731,2.48,2.48
2012.11.23 07:12:09.195,0.67289,0.6731,2.48,1.73
2012.11.23 07:12:10.016,0.67294,0.67311,1.73,1.35
2012.11.23 07:12:13.147,0.67294,0.67312,2.48,2.10
2012.11.23 07:12:13.326,0.67298,0.67316,1.73,2.48
2012.11.23 07:12:13.386,0.67298,0.67316,2.48,1.73
2012.11.23 07:12:13.626,0.67298,0.67316,2.48,1.73
2012.11.23 07:12:20.546,0.67298,0.67316,1.50,1.73
2012.11.23 07:12:24.996,0.67295,0.67312,1.50,1.73
2012.11.23 07:12:25.547,0.67294,0.67312,1.50,1.73
2012.11.23 07:12:27.788,0.67294,0.67312,2.25,1.73
2012.11.23 07:12:27.916,0.67294,0.67312,2.48,1.50
2012.11.23 07:12:29.695,0.67294,0.67312,1.73,1.73
2012.11.23 07:12:32.667,0.67294,0.67312,2.48,1.73
2012.11.23 07:12:32.785,0.67294,0.67312,3.23,1.73
2012.11.23 07:12:33.329,0.67294,0.67312,3.23,1.73
2012.11.23 07:12:33.570,0.67298,0.67314,2.48,1.50
2012.11.23 07:12:33.637,0.67298,0.67316,2.48,1.50
2012.11.23 07:12:47.706,0.67301,0.67316,1.35,1.50
2012.11.23 07:12:47.946,0.67302,0.6732,2.48,1.50
2012.11.23 07:12:51.566,0.67305,0.67325,2.48,2.10
2012.11.23 07:12:51.866,0.67305,0.67325,3.23,2.10
2012.11.23 07:12:52.336,0.6731,0.67329,2.48,1.73
2012.11.23 07:12:57.726,0.67314,0.67334,2.85,1.73
2012.11.23 07:12:57.966,0.67318,0.67338,2.25,2.85
2012.11.23 07:12:58.146,0.67318,0.67338,2.48,2.10
2012.11.23 07:12:58.970,0.67314,0.67335,2.85,2.48
2012.11.23 07:13:00.447,0.67314,0.67335,3.60,1.73
2012.11.23 07:13:00.566,0.67319,0.67337,2.48,1.73
2012.11.23 07:13:00.686,0.67319,0.67337,2.48,1.73
2012.11.23 07:13:01.436,0.67319,0.67337,2.48,1.50
2012.11.23 07:13:01.747,0.67321,0.67342,2.48,2.48
2012.11.23 07:13:01.806,0.67321,0.67342,2.48,2.48
2012.11.23 07:13:06.497,0.67321,0.67342,2.48,1.73
2012.11.23 07:13:10.095,0.67321,0.67342,2.48,1.73
2012.11.23 07:13:11.927,0.67321,0.67342,2.48,1.73
2012.11.23 07:13:12.108,0.67321,0.67342,2.48,1.73
2012.11.23 07:13:12.467,0.67319,0.67336,1.73,2.25
2012.11.23 07:13:12.796,0.67318,0.67334,1.50,1.35
2012.11.23 07:13:12.967,0.67314,0.67332,1.50,1.73
2012.11.23 07:13:14.016,0.67312,0.6733,2.48,1.73
2012.11.23 07:13:14.078,0.6731,0.6733,1.35,1.73
2012.11.23 07:13:14.406,0.67309,0.6733,2.10,2.48
2012.11.23 07:13:21.367,0.67309,0.6733,2.10,2.48
2012.11.23 07:13:21.990,0.67309,0.67329,1.50,1.35
2012.11.23 07:13:23.596,0.67309,0.6733,2.25,2.10
2012.11.23 07:13:23.656,0.67309,0.6733,1.73,2.85
2012.11.23 07:13:28.266,0.67309,0.6733,1.73,2.85
2012.11.23 07:13:34.896,0.6731,0.67328,1.73,1.73
2012.11.23 07:13:36.977,0.6731,0.67328,1.73,1.73
2012.11.23 07:13:41.936,0.6731,0.67328,1.50,1.73
2012.11.23 07:13:45.544,0.6731,0.67328,1.50,1.73
2012.11.23 07:13:49.458,0.6731,0.67328,1.50,1.73
2012.11.23 07:13:49.756,0.67305,0.67325,1.73,2.48
2012.11.23 07:13:50.276,0.67305,0.67325,1.50,2.48
2012.11.23 07:13:54.776,0.67305,0.67325,1.73,2.48
2012.11.23 07:14:04.115,0.67305,0.67325,2.48,2.48
2012.11.23 07:14:04.292,0.67312,0.67328,1.35,1.50
2012.11.23 07:14:04.412,0.67312,0.67329,1.35,1.50
2012.11.23 07:14:04.852,0.67312,0.67329,1.35,1.50
2012.11.23 07:14:04.972,0.67309,0.67329,2.25,2.48
2012.11.23 07:14:05.212,0.67308,0.67324,1.50,2.25
2012.11.23 07:14:05.527,0.67304,0.67324,1.73,2.48
2012.11.23 07:14:11.363,0.67304,0.67324,2.48,1.73
2012.11.23 07:14:11.602,0.67311,0.67328,1.35,2.25
2012.11.23 07:14:12.033,0.67308,0.67328,1.50,3.60
2012.11.23 07:14:13.463,0.67306,0.67323,1.50,2.48
2012.11.23 07:14:13.976,0.67305,0.67323,1.73,2.48
2012.11.23 07:14:14.113,0.67305,0.67323,2.48,1.73
2012.11.23 07:14:14.352,0.67311,0.67328,1.35,1.50
2012.11.23 07:14:14.412,0.67308,0.67328,2.25,1.73
2012.11.23 07:14:14.472,0.67308,0.67328,1.50,2.48
2012.11.23 07:14:14.842,0.67304,0.67324,1.73,2.48
2012.11.23 07:14:27.582,0.67304,0.67324,2.10,2.48
2012.11.23 07:14:36.614,0.67306,0.67324,1.73,2.48
2012.11.23 07:14:43.642,0.67306,0.67324,1.73,2.48
2012.11.23 07:14:43.882,0.67306,0.67324,1.73,2.48
2012.11.23 07:14:44.362,0.6731,0.67328,1.50,1.73
2012.11.23 07:15:04.493,0.67308,0.67326,1.50,1.73
2012.11.23 07:15:18.532,0.67308,0.67326,1.73,1.73
2012.11.23 07:15:23.896,0.67311,0.67329,1.50,2.48
2012.11.23 07:15:23.962,0.67311,0.6733,1.73,1.35
2012.11.23 07:15:25.366,0.67311,0.67331,2.48,2.10
2012.11.23 07:15:25.983,0.67311,0.6733,1.50,1.35
2012.11.23 07:15:26.523,0.67308,0.67325,1.50,1.35
2012.11.23 07:15:26.908,0.67308,0.67326,1.73,2.10
2012.11.23 07:15:27.565,0.67308,0.67326,1.73,2.10
2012.11.23 07:15:28.042,0.67303,0.67324,1.73,2.48
2012.11.23 07:15:30.212,0.67301,0.67319,1.35,1.73
2012.11.23 07:15:31.023,0.67302,0.67319,1.13,1.73
2012.11.23 07:15:31.382,0.67296,0.67316,2.85,1.73
2012.11.23 07:15:42.862,0.67296,0.67312,1.35,1.50
2012.11.23 07:15:43.222,0.67293,0.67312,2.48,1.73
2012.11.23 07:15:44.064,0.67293,0.67312,2.10,1.73
2012.11.23 07:15:46.463,0.67293,0.67312,2.10,1.73
2012.11.23 07:15:50.782,0.67292,0.67309,1.35,1.73
2012.11.23 07:15:55.854,0.67295,0.67313,1.50,2.48
2012.11.23 07:16:11.993,0.67295,0.67313,2.25,1.73
2012.11.23 07:16:12.112,0.67295,0.67313,2.48,1.50
2012.11.23 07:16:12.233,0.67296,0.67313,1.35,1.73
2012.11.23 07:16:19.245,0.67299,0.67315,1.50,1.73
2012.11.23 07:16:39.683,0.67296,0.67314,2.85,1.73
2012.11.23 07:16:43.352,0.67291,0.67311,2.48,1.73
2012.11.23 07:17:19.195,0.6729,0.6731,1.35,1.73
2012.11.23 07:17:23.613,0.67294,0.67313,1.50,1.73
2012.11.23 07:17:23.732,0.67294,0.67313,1.73,1.73
2012.11.23 07:17:23.797,0.67294,0.67313,2.48,1.73
2012.11.23 07:17:23.982,0.67294,0.67313,2.48,1.73
2012.11.23 07:17:24.512,0.67294,0.67315,2.48,1.73
2012.11.23 07:17:26.412,0.67299,0.67316,1.50,1.73
2012.11.23 07:17:26.593,0.67299,0.67318,1.73,1.73
2012.11.23 07:17:26.952,0.67304,0.67322,1.50,2.10
2012.11.23 07:17:29.153,0.67304,0.67322,1.50,2.85
2012.11.23 07:17:35.373,0.67304,0.67322,3.75,2.10
2012.11.23 07:17:35.734,0.67307,0.67326,2.48,2.10
2012.11.23 07:17:39.062,0.67307,0.67326,3.23,1.50
2012.11.23 07:17:39.123,0.6731,0.67331,2.48,1.73
2012.11.23 07:17:42.952,0.6731,0.67331,2.48,1.73
2012.11.23 07:17:43.624,0.67306,0.67326,2.85,1.50
2012.11.23 07:17:44.462,0.67306,0.67326,2.48,1.88
2012.11.23 07:17:45.057,0.67306,0.67326,2.48,2.10
2012.11.23 07:18:06.154,0.67306,0.67324,2.25,1.35
2012.11.23 07:18:06.272,0.67302,0.67323,2.48,2.48
2012.11.23 07:18:06.754,0.67302,0.67322,2.48,1.35
2012.11.23 07:18:10.604,0.673,0.67317,2.48,1.50
2012.11.23 07:18:24.343,0.67299,0.67317,2.48,2.10
2012.11.23 07:18:51.182,0.67301,0.67319,2.48,1.73
2012.11.23 07:18:54.723,0.67302,0.67319,1.35,1.73
2012.11.23 07:18:54.842,0.67304,0.67323,2.48,1.50
2012.11.23 07:19:07.483,0.67308,0.67328,1.50,2.85
2012.11.23 07:19:09.953,0.67305,0.67324,2.48,1.73
2012.11.23 07:19:10.343,0.67309,0.67327,1.50,2.10
2012.11.23 07:19:10.873,0.67303,0.67323,3.23,1.73
2012.11.23 07:19:15.834,0.67303,0.67323,2.48,1.73
2012.11.23 07:19:32.059,0.67305,0.67325,1.73,2.48
2012.11.23 07:19:32.444,0.67305,0.67325,1.50,2.48
2012.11.23 07:19:33.053,0.67301,0.67321,2.48,1.73
2012.11.23 07:19:46.553,0.67299,0.67317,1.88,1.73
2012.11.23 07:19:46.864,0.67297,0.67317,2.10,1.73
2012.11.23 07:19:47.729,0.67297,0.67317,2.10,1.73
2012.11.23 07:20:01.613,0.67297,0.67317,2.10,1.73
2012.11.23 07:20:01.793,0.67301,0.67321,2.48,2.10
2012.11.23 07:20:11.955,0.67305,0.67323,1.50,1.35
2012.11.23 07:20:12.854,0.67305,0.67324,1.88,2.48
2012.11.23 07:20:12.913,0.67305,0.67324,2.10,2.48
2012.11.23 07:20:13.033,0.67308,0.67328,1.73,2.48
2012.11.23 07:20:13.574,0.67308,0.67328,2.48,1.50
2012.11.23 07:20:13.633,0.67313,0.6733,1.73,1.73
2012.11.23 07:20:13.993,0.67313,0.67331,2.85,1.50
2012.11.23 07:20:21.034,0.67316,0.67336,2.48,1.73
2012.11.23 07:20:22.714,0.67316,0.67336,2.48,1.73
2012.11.23 07:20:22.853,0.6732,0.67338,1.73,1.73
2012.11.23 07:20:23.155,0.6732,0.67339,1.73,1.13
2012.11.23 07:20:23.692,0.67321,0.6734,2.10,1.50
2012.11.23 07:20:28.183,0.67325,0.67343,1.73,2.48
2012.11.23 07:20:28.483,0.67321,0.67339,2.85,1.50
2012.11.23 07:20:28.542,0.67321,0.67339,2.85,1.73
2012.11.23 07:20:52.574,0.67321,0.67338,1.35,1.73
2012.11.23 07:20:53.383,0.67318,0.67338,1.73,1.73
2012.11.23 07:20:53.443,0.67318,0.67338,1.73,1.73
2012.11.23 07:21:07.386,0.67315,0.67333,2.10,1.73
2012.11.23 07:21:07.933,0.67315,0.67333,1.73,1.73
2012.11.23 07:21:11.603,0.67311,0.6733,2.85,1.50
2012.11.23 07:21:12.153,0.67311,0.6733,2.85,1.73
2012.11.23 07:21:14.141,0.67307,0.67327,2.10,1.50
2012.11.23 07:21:14.263,0.67307,0.67327,2.10,1.73
2012.11.23 07:21:14.383,0.67303,0.67323,2.48,1.50
2012.11.23 07:21:14.504,0.67303,0.67323,1.73,1.73
2012.11.23 07:21:22.883,0.67303,0.67323,1.73,1.50
2012.11.23 07:21:23.063,0.67303,0.67323,2.48,1.50
2012.11.23 07:21:23.243,0.67308,0.67326,1.73,2.10
2012.11.23 07:21:23.544,0.67308,0.67326,2.10,1.50
2012.11.23 07:21:23.663,0.67311,0.67329,1.73,2.25
2012.11.23 07:21:24.493,0.67311,0.67331,2.48,2.48
2012.11.23 07:21:27.813,0.67311,0.67331,2.48,1.50
2012.11.23 07:21:28.513,0.67315,0.67334,1.73,1.35
2012.11.23 07:21:28.704,0.67315,0.67334,1.73,1.35
2012.11.23 07:21:31.673,0.67315,0.67334,1.73,2.10
2012.11.23 07:21:32.395,0.67315,0.67334,1.73,1.35
2012.11.23 07:21:33.403,0.67315,0.67335,2.48,1.88
2012.11.23 07:21:34.373,0.67323,0.67337,1.50,2.85
2012.11.23 07:21:34.553,0.67323,0.67341,1.73,2.48
2012.11.23 07:21:35.153,0.67327,0.67343,1.50,2.48
2012.11.23 07:21:35.333,0.67327,0.67344,1.73,1.50
2012.11.23 07:21:40.813,0.67327,0.67345,1.73,2.63
2012.11.23 07:21:40.873,0.6733,0.67348,1.73,2.48
2012.11.23 07:21:42.033,0.6733,0.67349,1.73,3.60
2012.11.23 07:21:42.393,0.67333,0.67353,1.73,2.48
2012.11.23 07:21:44.156,0.67333,0.67353,1.73,3.60
2012.11.23 07:21:52.488,0.67333,0.67353,1.73,3.60
2012.11.23 07:22:20.555,0.67331,0.67352,1.73,1.73
2012.11.23 07:22:20.733,0.67331,0.67352,1.73,1.73
2012.11.23 07:22:21.311,0.67331,0.6735,1.73,1.73
2012.11.23 07:22:23.772,0.67327,0.6735,1.35,2.48
2012.11.23 07:22:24.983,0.67327,0.6735,1.35,2.48
2012.11.23 07:22:36.096,0.67327,0.6735,1.35,2.48
2012.11.23 07:22:47.542,0.6733,0.67352,2.48,2.85
2012.11.23 07:22:49.403,0.6733,0.67352,2.48,2.85
2012.11.23 07:22:55.853,0.6733,0.67351,2.48,2.48
2012.11.23 07:22:55.913,0.67326,0.67349,3.23,2.48
2012.11.23 07:22:55.973,0.67326,0.67349,3.23,2.48
2012.11.23 07:23:04.945,0.67326,0.67349,3.23,2.48
2012.11.23 07:23:14.909,0.67326,0.67349,3.23,2.48
2012.11.23 07:23:24.436,0.67325,0.67346,2.48,2.48
2012.11.23 07:23:25.104,0.67323,0.67344,2.48,2.48
2012.11.23 07:23:28.774,0.67323,0.67344,2.48,2.48
2012.11.23 07:23:34.942,0.67323,0.67344,2.48,2.48
2012.11.23 07:23:42.034,0.67323,0.67344,2.48,2.48
2012.11.23 07:23:42.652,0.67323,0.67344,2.48,2.48
2012.11.23 07:23:45.003,0.67323,0.67341,2.48,1.73
2012.11.23 07:23:47.943,0.67323,0.67341,2.48,1.73
2012.11.23 07:23:51.043,0.67323,0.67341,2.48,1.73
2012.11.23 07:23:51.103,0.67323,0.67341,2.25,1.73
2012.11.23 07:23:51.734,0.67323,0.67341,2.48,1.73
2012.11.23 07:23:52.365,0.67323,0.67341,2.48,1.50
2012.11.23 07:23:54.244,0.67323,0.67341,2.48,1.50
2012.11.23 07:24:00.333,0.67323,0.67341,1.73,1.50
2012.11.23 07:24:00.783,0.67328,0.67346,1.50,1.73
2012.11.23 07:24:03.144,0.67327,0.67343,1.73,1.73
2012.11.23 07:24:06.733,0.67327,0.67347,1.73,2.48
2012.11.23 07:24:07.093,0.67327,0.67347,2.85,2.25
2012.11.23 07:24:07.612,0.67328,0.67347,1.73,1.50
2012.11.23 07:24:09.174,0.67332,0.6735,2.48,1.50
2012.11.23 07:24:09.239,0.67332,0.6735,2.48,1.50
2012.11.23 07:24:09.543,0.67335,0.67355,2.48,1.73
2012.11.23 07:24:09.663,0.67335,0.67355,2.48,1.50
2012.11.23 07:24:09.723,0.6734,0.67358,1.73,2.63
2012.11.23 07:24:13.174,0.6734,0.67358,1.73,2.85
2012.11.23 07:24:17.004,0.6734,0.67358,1.73,2.85
2012.11.23 07:24:24.213,0.67338,0.67355,1.73,1.73
2012.11.23 07:24:24.518,0.67335,0.67355,2.48,1.73
2012.11.23 07:24:26.396,0.67335,0.67355,1.50,2.48
2012.11.23 07:24:26.995,0.67332,0.67351,1.35,1.73
2012.11.23 07:24:30.723,0.67332,0.67351,1.35,1.73
2012.11.23 07:24:33.945,0.67332,0.67351,1.35,1.73
2012.11.23 07:24:53.433,0.67332,0.6735,1.35,1.50
2012.11.23 07:25:02.093,0.67329,0.6735,2.85,2.25
2012.11.23 07:25:02.454,0.67326,0.67345,1.35,1.50
2012.11.23 07:25:02.573,0.67326,0.67345,1.35,1.50
2012.11.23 07:25:03.534,0.67325,0.67345,2.10,2.25
2012.11.23 07:25:04.484,0.67325,0.67345,2.10,2.48
2012.11.23 07:25:04.914,0.67325,0.67345,1.73,2.48
2012.11.23 07:25:13.916,0.67325,0.67345,1.73,2.48
2012.11.23 07:25:28.994,0.67324,0.67344,1.73,2.48
2012.11.23 07:25:35.365,0.6732,0.67341,2.48,2.48
2012.11.23 07:25:35.554,0.6732,0.67341,1.73,2.48
2012.11.23 07:25:41.912,0.6732,0.67341,2.48,2.48
2012.11.23 07:25:42.451,0.6732,0.67341,3.23,2.48
2012.11.23 07:25:45.977,0.67318,0.67336,3.75,1.73
2012.11.23 07:25:46.524,0.67313,0.67333,2.48,2.48
2012.11.23 07:26:11.674,0.67313,0.67333,1.73,2.48
2012.11.23 07:26:11.854,0.67308,0.67326,1.50,2.85
2012.11.23 07:26:14.412,0.67312,0.67329,1.50,3.60
2012.11.23 07:26:14.593,0.67312,0.67329,1.50,1.35
2012.11.23 07:26:25.342,0.67312,0.67329,1.50,1.35
2012.11.23 07:26:34.584,0.6731,0.67329,1.50,2.85
2012.11.23 07:26:34.643,0.67309,0.67327,1.50,1.35
2012.11.23 07:26:37.193,0.67309,0.67329,2.25,3.23
2012.11.23 07:26:37.259,0.67309,0.67329,2.48,3.23
2012.11.23 07:26:37.453,0.6731,0.67329,2.48,1.50
2012.11.23 07:26:37.514,0.67313,0.67332,1.73,1.50
2012.11.23 07:26:41.093,0.67313,0.67332,1.73,1.73
2012.11.23 07:27:03.691,0.67311,0.67331,2.48,2.48
2012.11.23 07:27:04.999,0.67311,0.67331,2.48,2.48
2012.11.23 07:27:06.774,0.67315,0.67331,1.50,2.48
2012.11.23 07:27:06.834,0.67317,0.67333,1.50,1.73
2012.11.23 07:27:07.134,0.67317,0.67337,2.48,2.25
2012.11.23 07:27:12.523,0.67317,0.67337,2.48,2.25
2012.11.23 07:27:14.074,0.67317,0.67337,2.48,2.25
2012.11.23 07:27:14.474,0.67317,0.67337,2.48,2.25
2012.11.23 07:27:14.834,0.67314,0.67333,1.35,2.25
2012.11.23 07:27:15.164,0.67312,0.67328,1.35,1.50
2012.11.23 07:27:15.224,0.67312,0.67328,1.35,1.73
2012.11.23 07:27:15.794,0.6731,0.67328,1.73,3.23
2012.11.23 07:27:23.693,0.6731,0.67328,1.73,3.00
2012.11.23 07:27:25.136,0.6731,0.67328,2.48,1.88
2012.11.23 07:27:25.314,0.67306,0.67324,2.48,2.48
2012.11.23 07:27:25.854,0.67306,0.67324,2.48,3.23
2012.11.23 07:27:26.385,0.67306,0.67324,2.48,2.48
2012.11.23 07:27:26.564,0.67306,0.67324,2.48,2.25
2012.11.23 07:27:29.903,0.6731,0.67326,1.73,1.35
2012.11.23 07:27:30.414,0.6731,0.67328,1.73,3.23
2012.11.23 07:27:30.773,0.6731,0.67328,2.48,1.73
2012.11.23 07:27:31.303,0.67313,0.67333,2.48,2.25
2012.11.23 07:27:32.367,0.67313,0.67331,2.48,1.50
2012.11.23 07:27:32.604,0.67307,0.67325,2.25,1.35
2012.11.23 07:27:33.274,0.67307,0.67325,1.65,1.35
2012.11.23 07:27:33.786,0.67307,0.67325,1.73,1.35
2012.11.23 07:27:34.926,0.67307,0.67325,1.73,1.35
2012.11.23 07:27:36.103,0.67307,0.67325,2.48,1.35
2012.11.23 07:27:36.643,0.6731,0.67324,1.50,1.73
2012.11.23 07:27:36.823,0.67306,0.67324,2.48,1.73
2012.11.23 07:27:37.194,0.67306,0.67325,2.48,1.35
2012.11.23 07:27:37.373,0.67306,0.67326,2.85,2.25
2012.11.23 07:27:42.883,0.67311,0.67329,2.48,2.48
2012.11.23 07:27:42.954,0.67311,0.67329,2.48,1.73
2012.11.23 07:27:43.194,0.67315,0.67333,2.48,2.48
2012.11.23 07:27:46.443,0.67316,0.67333,1.35,2.48
2012.11.23 07:27:46.503,0.67318,0.67336,2.25,2.48
2012.11.23 07:27:46.803,0.67318,0.67336,2.48,2.48
2012.11.23 07:27:47.314,0.67322,0.6734,1.73,1.35
2012.11.23 07:27:50.443,0.67322,0.6734,1.73,1.35
2012.11.23 07:27:50.563,0.67322,0.6734,1.50,1.95
2012.11.23 07:27:50.744,0.67318,0.67338,1.73,2.48
2012.11.23 07:27:50.805,0.67318,0.67338,1.50,2.48
2012.11.23 07:27:51.354,0.67316,0.67334,1.35,2.48
2012.11.23 07:27:52.213,0.67316,0.67334,1.35,2.48
2012.11.23 07:27:52.335,0.67319,0.67338,2.10,2.48
2012.11.23 07:27:52.634,0.6732,0.67338,1.35,2.48
2012.11.23 07:27:52.693,0.6732,0.67338,1.35,2.25
2012.11.23 07:27:52.753,0.6732,0.67338,1.35,2.25
2012.11.23 07:27:53.334,0.67322,0.67342,2.48,2.48
2012.11.23 07:27:54.974,0.67322,0.67342,2.48,2.48
2012.11.23 07:27:58.404,0.67322,0.67342,2.25,2.48
2012.11.23 07:28:05.054,0.67322,0.67342,2.25,2.48
2012.11.23 07:28:08.295,0.67322,0.67339,1.50,1.73
2012.11.23 07:28:13.139,0.6732,0.67338,3.23,2.48
2012.11.23 07:28:15.224,0.6732,0.67338,1.73,2.48
2012.11.23 07:28:15.344,0.6732,0.67338,1.73,2.48
2012.11.23 07:28:18.913,0.6732,0.67338,2.10,2.48
2012.11.23 07:28:23.414,0.6732,0.67338,2.85,1.50
2012.11.23 07:28:23.474,0.67322,0.67343,2.10,2.48
2012.11.23 07:28:24.165,0.67322,0.67343,2.10,2.48
2012.11.23 07:28:24.241,0.67327,0.67344,1.50,3.23
2012.11.23 07:28:24.423,0.67327,0.67344,1.50,3.23
2012.11.23 07:28:24.544,0.67327,0.67344,1.50,1.73
2012.11.23 07:28:24.984,0.67327,0.67345,1.73,1.50
2012.11.23 07:28:25.344,0.67331,0.67349,2.48,1.88
2012.11.23 07:28:25.654,0.67336,0.67353,2.48,1.50
2012.11.23 07:28:26.216,0.67338,0.67356,1.73,2.85
2012.11.23 07:28:33.645,0.67341,0.67359,1.50,1.73
2012.11.23 07:28:33.764,0.67341,0.67359,1.73,1.73
2012.11.23 07:28:38.634,0.67341,0.67358,1.73,1.73
2012.11.23 07:28:39.054,0.67341,0.67361,2.48,2.85
2012.11.23 07:28:39.594,0.67341,0.67358,1.73,1.73
2012.11.23 07:28:52.054,0.67337,0.67358,2.48,2.48
2012.11.23 07:28:54.573,0.67337,0.67358,2.48,3.60
2012.11.23 07:28:56.336,0.67335,0.67353,2.25,1.73
2012.11.23 07:28:56.564,0.67335,0.67353,2.48,2.48
2012.11.23 07:28:56.794,0.67335,0.67353,2.25,2.48
2012.11.23 07:28:56.853,0.67335,0.67353,1.50,2.48
2012.11.23 07:28:59.413,0.67335,0.67353,1.73,1.73
2012.11.23 07:28:59.716,0.67335,0.67353,1.73,2.48
2012.11.23 07:29:07.054,0.67331,0.67349,2.48,1.50
2012.11.23 07:29:07.356,0.67326,0.67346,2.48,1.50
2012.11.23 07:29:07.788,0.67326,0.67346,2.48,1.73
2012.11.23 07:29:07.862,0.67326,0.67346,2.48,1.73
2012.11.23 07:29:07.985,0.67323,0.67341,1.73,1.73
2012.11.23 07:29:08.636,0.67323,0.67341,1.73,2.48
2012.11.23 07:29:09.645,0.67323,0.6734,1.73,2.25
2012.11.23 07:29:09.955,0.67319,0.67337,1.73,1.50
2012.11.23 07:29:10.509,0.67319,0.67337,1.73,2.48
2012.11.23 07:29:10.814,0.67313,0.6733,1.05,1.73
2012.11.23 07:29:11.115,0.67312,0.67326,1.43,1.50
2012.11.23 07:29:11.361,0.67312,0.6733,2.48,1.50
2012.11.23 07:29:12.514,0.67312,0.6733,2.48,1.50
2012.11.23 07:29:16.569,0.67314,0.67332,1.73,1.50
2012.11.23 07:29:17.189,0.67314,0.67334,1.73,1.35
2012.11.23 07:29:20.387,0.67314,0.67334,1.73,1.35
2012.11.23 07:29:32.064,0.67319,0.67337,1.73,2.10
2012.11.23 07:29:32.184,0.67323,0.67341,1.73,1.73
2012.11.23 07:29:32.701,0.67323,0.67341,1.73,1.50
2012.11.23 07:29:32.903,0.67327,0.67345,1.50,2.48
2012.11.23 07:29:33.483,0.67327,0.67345,2.48,1.73
2012.11.23 07:29:33.784,0.67331,0.67351,2.25,2.10
2012.11.23 07:29:33.904,0.67331,0.67351,2.48,2.10
2012.11.23 07:29:34.323,0.67332,0.67353,3.23,1.73
2012.11.23 07:29:34.743,0.67333,0.67358,1.73,2.48
2012.11.23 07:29:35.054,0.67335,0.67358,1.73,1.73
2012.11.23 07:29:35.173,0.67335,0.67358,1.73,1.35
2012.11.23 07:29:35.233,0.67335,0.67358,1.73,1.35
2012.11.23 07:29:35.874,0.67336,0.67358,1.73,1.28
2012.11.23 07:29:36.554,0.67336,0.67358,1.73,1.35
2012.11.23 07:29:37.207,0.67336,0.67358,1.73,1.35
2012.11.23 07:29:37.504,0.67334,0.67357,1.73,2.48
2012.11.23 07:29:37.863,0.67334,0.67357,1.73,2.48
2012.11.23 07:29:38.394,0.67334,0.67357,2.48,2.48
2012.11.23 07:29:38.514,0.67335,0.67357,1.73,2.48
2012.11.23 07:29:39.045,0.67338,0.67358,1.73,1.35
2012.11.23 07:29:39.104,0.67338,0.67358,2.48,1.13
2012.11.23 07:29:43.164,0.67338,0.6736,1.73,2.85
2012.11.23 07:29:43.464,0.67337,0.67357,2.48,1.73
2012.11.23 07:30:01.042,0.67333,0.67354,1.50,2.25
2012.11.23 07:30:01.196,0.67333,0.67354,1.73,2.48
2012.11.23 07:30:03.223,0.67333,0.67354,1.73,2.48
2012.11.23 07:30:18.306,0.6733,0.6735,1.73,2.48
2012.11.23 07:30:18.556,0.6733,0.6735,1.73,2.48
2012.11.23 07:30:20.024,0.67331,0.67354,1.73,2.85
2012.11.23 07:30:24.695,0.67335,0.67357,1.73,2.48
2012.11.23 07:30:34.244,0.67335,0.67357,1.50,2.48
2012.11.23 07:30:35.024,0.67334,0.67354,1.73,2.48
2012.11.23 07:30:44.674,0.67334,0.67354,2.48,2.48
2012.11.23 07:30:59.674,0.67336,0.67354,1.50,2.48
2012.11.23 07:30:59.855,0.67336,0.67354,1.73,2.48
2012.11.23 07:31:24.087,0.67336,0.67356,2.48,1.73
2012.11.23 07:31:24.504,0.6734,0.67357,2.48,1.73
2012.11.23 07:31:24.820,0.67345,0.67357,1.50,1.73
2012.11.23 07:31:25.077,0.67345,0.67362,1.73,2.10
2012.11.23 07:31:26.806,0.67345,0.67363,1.73,2.48
2012.11.23 07:31:30.156,0.67345,0.67363,1.73,2.25
2012.11.23 07:31:30.515,0.67351,0.67363,1.73,1.50
2012.11.23 07:31:30.818,0.67351,0.67363,1.73,1.50
2012.11.23 07:31:31.177,0.67356,0.67363,1.73,1.50
2012.11.23 07:31:31.475,0.67356,0.67368,1.65,1.50
2012.11.23 07:31:31.595,0.67356,0.6737,1.65,1.50
2012.11.23 07:31:31.774,0.67356,0.67373,3.15,1.50
2012.11.23 07:31:32.720,0.6736,0.67379,1.50,1.73
2012.11.23 07:31:33.447,0.6736,0.67379,1.50,1.73
2012.11.23 07:31:34.564,0.67356,0.67376,2.48,2.48
2012.11.23 07:31:34.679,0.6736,0.67379,1.50,2.48
2012.11.23 07:31:35.046,0.6736,0.67379,2.25,2.48
2012.11.23 07:31:39.876,0.67356,0.67376,2.48,2.48
2012.11.23 07:31:39.996,0.67356,0.67375,1.73,1.73
2012.11.23 07:31:40.535,0.67356,0.67375,1.50,1.73
2012.11.23 07:31:41.318,0.67356,0.67375,1.50,1.73
2012.11.23 07:31:45.856,0.67355,0.67371,2.25,2.48
2012.11.23 07:31:46.035,0.67353,0.67371,2.48,2.48
2012.11.23 07:31:46.554,0.67353,0.67371,2.48,2.48
2012.11.23 07:31:49.485,0.67357,0.67375,1.50,2.48
2012.11.23 07:31:51.604,0.67357,0.67375,1.50,2.48
2012.11.23 07:31:53.595,0.67357,0.67375,1.50,2.48
2012.11.23 07:31:54.873,0.67357,0.67375,2.25,2.48
2012.11.23 07:32:01.479,0.6736,0.67377,1.50,2.48
2012.11.23 07:32:01.878,0.6736,0.67379,1.50,3.23
2012.11.23 07:32:02.115,0.67356,0.67375,1.50,2.48
2012.11.23 07:32:02.235,0.67356,0.67375,2.25,2.48
2012.11.23 07:32:02.308,0.67356,0.67375,2.25,2.48
2012.11.23 07:32:02.546,0.67359,0.67378,2.25,1.35
2012.11.23 07:32:03.826,0.67359,0.67378,2.48,1.35
2012.11.23 07:32:03.898,0.67363,0.67378,1.50,1.35
2012.11.23 07:32:04.076,0.67363,0.67381,1.50,2.48
2012.11.23 07:32:04.137,0.67367,0.67381,1.50,2.48
2012.11.23 07:32:04.676,0.67367,0.67387,2.25,1.27
2012.11.23 07:32:05.217,0.67367,0.67387,2.25,1.27
2012.11.23 07:32:05.563,0.67367,0.67387,2.25,1.27
2012.11.23 07:32:06.306,0.67367,0.67387,2.25,1.27
2012.11.23 07:32:06.835,0.67367,0.67388,2.48,2.48
2012.11.23 07:32:06.954,0.67367,0.67388,3.23,2.48
2012.11.23 07:32:07.828,0.67372,0.67391,2.25,2.79
2012.11.23 07:32:07.890,0.67372,0.67391,2.25,2.48
2012.11.23 07:32:08.075,0.67372,0.67391,2.25,2.48
2012.11.23 07:32:08.195,0.67372,0.67391,3.23,1.73
2012.11.23 07:32:08.855,0.67375,0.67396,2.48,2.48
2012.11.23 07:32:09.389,0.67375,0.67396,2.48,2.48
2012.11.23 07:32:09.474,0.67375,0.67395,2.25,1.38
2012.11.23 07:32:09.955,0.67372,0.67392,2.25,2.48
2012.11.23 07:32:10.696,0.67372,0.67392,2.25,2.48
2012.11.23 07:32:11.251,0.67376,0.67396,2.25,2.48
2012.11.23 07:32:11.608,0.67376,0.67396,2.25,2.48
2012.11.23 07:32:11.854,0.67376,0.67396,2.25,2.48
2012.11.23 07:32:12.345,0.67372,0.67391,1.50,1.73
2012.11.23 07:32:12.466,0.67372,0.67391,1.50,1.73
2012.11.23 07:32:14.085,0.67371,0.67391,2.48,2.48
2012.11.23 07:32:14.714,0.67371,0.67391,2.48,2.48
2012.11.23 07:32:15.045,0.67371,0.67391,1.73,2.48
2012.11.23 07:32:16.635,0.67371,0.67391,2.48,1.73
2012.11.23 07:32:18.296,0.67371,0.67391,1.73,2.48
2012.11.23 07:32:18.404,0.67371,0.67391,1.50,2.48
2012.11.23 07:32:19.086,0.67367,0.67388,3.23,3.23
2012.11.23 07:32:22.266,0.67367,0.67387,2.48,1.73
2012.11.23 07:32:22.649,0.67367,0.67388,2.48,2.48
2012.11.23 07:32:23.086,0.67367,0.67388,2.48,2.48
2012.11.23 07:32:24.974,0.67367,0.67388,2.48,2.48
2012.11.23 07:32:25.744,0.67367,0.67388,2.48,2.48
2012.11.23 07:32:32.676,0.67367,0.67388,2.48,2.48
2012.11.23 07:32:33.116,0.67367,0.67388,2.48,2.48
2012.11.23 07:32:33.740,0.67367,0.67388,2.48,2.48
2012.11.23 07:32:34.375,0.67367,0.67388,2.25,2.48
2012.11.23 07:32:34.877,0.67367,0.67388,2.25,2.48
2012.11.23 07:32:35.035,0.67367,0.67388,1.50,2.48
2012.11.23 07:32:35.550,0.67363,0.67384,2.48,2.48
2012.11.23 07:32:43.215,0.67367,0.67384,2.25,1.73
2012.11.23 07:32:43.275,0.67369,0.67388,2.48,2.25
2012.11.23 07:32:43.455,0.67369,0.67388,2.48,2.25
2012.11.23 07:32:43.696,0.6737,0.67387,1.73,1.50
2012.11.23 07:32:43.815,0.67369,0.67389,1.73,2.48
2012.11.23 07:32:43.875,0.67368,0.67389,2.48,2.48
2012.11.23 07:32:44.759,0.67365,0.67384,2.48,2.48
2012.11.23 07:32:45.294,0.67365,0.67384,2.48,2.48
2012.11.23 07:32:46.476,0.67368,0.67384,1.73,1.50
2012.11.23 07:32:46.715,0.67365,0.67385,2.48,2.25
2012.11.23 07:32:46.835,0.67365,0.67385,2.48,2.48
2012.11.23 07:32:47.385,0.67361,0.67382,3.23,2.48
2012.11.23 07:32:47.505,0.67361,0.67382,3.23,2.48
2012.11.23 07:32:47.626,0.67367,0.67387,1.73,2.48
2012.11.23 07:32:47.746,0.67367,0.67387,1.73,2.48
2012.11.23 07:32:50.436,0.67365,0.67387,2.48,2.48
2012.11.23 07:32:50.554,0.67364,0.67382,2.25,2.48
2012.11.23 07:32:50.614,0.67364,0.67382,2.25,2.48
2012.11.23 07:32:50.674,0.67364,0.67382,2.25,1.73
2012.11.23 07:32:50.794,0.67364,0.67382,2.25,1.73
2012.11.23 07:32:50.854,0.67364,0.67382,2.48,1.73
2012.11.23 07:32:52.624,0.67364,0.67382,2.48,1.73
2012.11.23 07:32:53.076,0.67364,0.67382,2.48,2.48
2012.11.23 07:32:54.786,0.6736,0.67379,2.48,2.25
2012.11.23 07:32:55.335,0.6736,0.67379,2.48,2.25
2012.11.23 07:32:56.726,0.6736,0.67379,2.48,2.25
2012.11.23 07:32:57.360,0.67357,0.67376,2.48,2.48
2012.11.23 07:32:57.501,0.67357,0.67376,2.25,2.48
2012.11.23 07:32:58.010,0.67356,0.67376,2.25,2.48
2012.11.23 07:32:59.826,0.67356,0.67376,2.25,2.48
2012.11.23 07:33:00.095,0.67356,0.67376,2.48,2.48
2012.11.23 07:33:00.702,0.67356,0.67376,2.48,2.48
2012.11.23 07:33:05.036,0.67356,0.67376,2.48,2.48
2012.11.23 07:33:07.425,0.67356,0.67376,2.48,2.48
2012.11.23 07:33:11.177,0.67356,0.67376,2.48,2.48
2012.11.23 07:33:11.693,0.67355,0.67372,1.50,2.48
2012.11.23 07:33:11.905,0.67352,0.67372,2.48,2.48
2012.11.23 07:33:15.715,0.67352,0.67372,1.73,2.48
2012.11.23 07:33:18.434,0.67352,0.67372,1.73,2.48
2012.11.23 07:33:18.614,0.6735,0.67368,1.50,2.48
2012.11.23 07:33:18.675,0.67348,0.67368,2.48,2.48
2012.11.23 07:33:19.477,0.67348,0.67368,2.48,1.73
2012.11.23 07:33:19.539,0.67348,0.67368,2.48,1.73
2012.11.23 07:33:22.046,0.67348,0.67368,2.48,2.48
2012.11.23 07:33:22.575,0.67348,0.67368,2.48,2.48
2012.11.23 07:33:23.226,0.67344,0.67364,2.25,2.48
2012.11.23 07:33:23.345,0.67344,0.67364,2.25,2.48
2012.11.23 07:33:23.885,0.6734,0.6736,2.48,2.48
2012.11.23 07:33:24.425,0.67342,0.6736,1.73,1.73
2012.11.23 07:33:24.606,0.67345,0.6736,1.50,1.73
2012.11.23 07:33:25.048,0.67347,0.67361,1.50,1.73
2012.11.23 07:33:25.450,0.67348,0.67368,2.25,2.48
2012.11.23 07:33:25.527,0.67348,0.67368,2.48,2.48
2012.11.23 07:33:26.375,0.67351,0.67372,2.48,1.73
2012.11.23 07:33:29.824,0.67351,0.67372,2.25,2.48
2012.11.23 07:33:44.115,0.67351,0.67372,1.50,3.23
2012.11.23 07:33:44.414,0.67348,0.67368,1.50,2.48
2012.11.23 07:33:47.537,0.67344,0.67364,2.48,2.48
2012.11.23 07:33:50.146,0.67344,0.67364,2.48,2.48
2012.11.23 07:33:50.445,0.67344,0.67364,1.50,2.48
2012.11.23 07:33:50.504,0.67344,0.67364,1.50,2.48
2012.11.23 07:33:51.046,0.67344,0.67364,2.25,2.48
2012.11.23 07:33:51.305,0.67344,0.67364,2.48,1.50
2012.11.23 07:33:51.545,0.67344,0.67364,1.73,2.48
2012.11.23 07:33:54.055,0.6734,0.6736,2.48,2.48
2012.11.23 07:33:54.640,0.6734,0.6736,2.48,2.48
2012.11.23 07:33:55.266,0.6734,0.6736,2.48,2.48
2012.11.23 07:34:00.505,0.6734,0.6736,1.73,2.48
2012.11.23 07:34:05.795,0.6734,0.6736,2.48,2.48
2012.11.23 07:34:11.147,0.6734,0.6736,2.48,2.48
2012.11.23 07:34:13.955,0.6734,0.6736,1.73,2.48
2012.11.23 07:34:14.015,0.67338,0.67358,2.25,2.48
2012.11.23 07:34:17.055,0.67334,0.67354,2.48,2.48
2012.11.23 07:34:17.565,0.67334,0.67351,2.48,1.50
2012.11.23 07:34:17.894,0.6733,0.6735,2.48,2.48
2012.11.23 07:34:21.316,0.6733,0.6735,2.48,2.48
2012.11.23 07:34:24.944,0.6733,0.6735,2.48,2.48
2012.11.23 07:34:32.929,0.67335,0.67351,2.25,1.73
2012.11.23 07:34:33.559,0.67335,0.67353,2.48,2.25
2012.11.23 07:34:45.465,0.67335,0.67353,2.48,2.25
2012.11.23 07:34:45.525,0.67335,0.67353,1.50,2.48
2012.11.23 07:34:45.765,0.67335,0.67353,1.73,3.23
2012.11.23 07:35:05.145,0.67335,0.67353,1.50,2.48
2012.11.23 07:35:13.496,0.67334,0.67352,1.50,2.48
2012.11.23 07:35:23.945,0.67334,0.67352,1.73,2.48
2012.11.23 07:35:25.027,0.67334,0.67349,1.73,1.50
2012.11.23 07:35:26.085,0.67334,0.67349,1.73,1.50
2012.11.23 07:35:31.266,0.67334,0.67349,1.73,1.50
2012.11.23 07:35:31.795,0.67334,0.67349,1.50,1.73
2012.11.23 07:35:33.634,0.67332,0.67349,1.73,1.73
2012.11.23 07:35:40.685,0.67332,0.67346,1.73,1.50
2012.11.23 07:35:40.866,0.67328,0.67346,1.73,1.73
2012.11.23 07:35:40.925,0.67328,0.67346,1.50,1.73
2012.11.23 07:35:42.975,0.67328,0.67348,1.50,1.73
2012.11.23 07:35:43.276,0.67328,0.67348,1.73,1.73
2012.11.23 07:35:43.642,0.67328,0.67348,1.73,1.73
2012.11.23 07:35:45.330,0.67328,0.67348,1.73,1.73
2012.11.23 07:35:45.996,0.67332,0.67349,1.50,1.73
2012.11.23 07:35:46.246,0.67332,0.67349,1.73,1.73
2012.11.23 07:35:49.276,0.67332,0.67348,1.73,1.73
2012.11.23 07:35:49.637,0.67332,0.67344,1.50,1.73
2012.11.23 07:35:49.995,0.67327,0.67344,1.73,1.73
2012.11.23 07:35:50.826,0.67327,0.67342,1.73,1.73
2012.11.23 07:35:51.066,0.67325,0.67338,1.50,1.73
2012.11.23 07:35:51.855,0.67324,0.67339,1.50,1.73
2012.11.23 07:35:53.535,0.67324,0.67338,1.50,1.73
2012.11.23 07:35:53.834,0.67324,0.67338,1.50,1.73
2012.11.23 07:35:53.895,0.67321,0.67338,1.50,1.73
2012.11.23 07:35:54.375,0.67321,0.67338,1.50,1.73
2012.11.23 07:35:58.896,0.67321,0.67332,1.50,1.73
2012.11.23 07:35:59.135,0.67316,0.67329,1.50,1.73
2012.11.23 07:35:59.195,0.67316,0.67329,1.50,1.73
2012.11.23 07:35:59.255,0.67311,0.67329,1.50,1.73
2012.11.23 07:36:00.526,0.67311,0.67331,2.48,2.48
2012.11.23 07:36:00.715,0.67311,0.67331,2.48,2.48
2012.11.23 07:36:01.485,0.67311,0.67331,2.48,2.48
2012.11.23 07:36:01.845,0.67311,0.67331,2.48,1.50
2012.11.23 07:36:02.440,0.67314,0.67333,1.73,2.48
2012.11.23 07:36:04.011,0.67314,0.67334,1.73,1.73
2012.11.23 07:36:06.335,0.67319,0.67334,1.50,1.73
2012.11.23 07:36:06.895,0.67319,0.67334,1.50,1.73
2012.11.23 07:36:07.015,0.67316,0.67334,1.50,1.73
2012.11.23 07:36:07.075,0.67314,0.67334,1.50,1.73
2012.11.23 07:36:07.195,0.67312,0.67331,2.48,2.48
2012.11.23 07:36:07.375,0.67311,0.67331,2.48,2.48
2012.11.23 07:36:07.865,0.67312,0.6733,2.48,2.48
2012.11.23 07:36:09.175,0.67312,0.6733,1.73,3.23
2012.11.23 07:36:09.366,0.6731,0.67328,1.50,2.48
2012.11.23 07:36:09.425,0.67307,0.67328,2.48,2.48
2012.11.23 07:36:10.706,0.67307,0.67328,2.48,3.23
2012.11.23 07:36:11.236,0.67307,0.67328,2.48,2.48
2012.11.23 07:36:12.167,0.67307,0.67328,2.48,3.23
2012.11.23 07:36:12.226,0.67307,0.67326,1.73,1.73
2012.11.23 07:36:12.788,0.67307,0.67328,1.73,2.48
2012.11.23 07:36:15.545,0.67307,0.67328,1.50,2.48
2012.11.23 07:36:16.095,0.67307,0.67328,1.73,2.48
2012.11.23 07:36:16.596,0.67307,0.67328,1.50,2.48
2012.11.23 07:36:24.765,0.67307,0.67328,1.73,2.48
2012.11.23 07:36:28.715,0.67312,0.6733,2.48,2.48
2012.11.23 07:36:28.835,0.67312,0.6733,2.48,2.25
2012.11.23 07:36:28.895,0.67312,0.6733,1.73,3.00
2012.11.23 07:36:29.195,0.67312,0.67328,1.73,1.73
2012.11.23 07:36:44.835,0.67312,0.6733,2.48,2.48
2012.11.23 07:36:45.016,0.67312,0.6733,2.48,2.25
2012.11.23 07:36:48.718,0.67316,0.6733,1.50,1.50
2012.11.23 07:37:01.535,0.67312,0.6733,2.48,2.25
2012.11.23 07:37:01.595,0.67312,0.6733,2.48,2.48
2012.11.23 07:37:01.975,0.67312,0.67329,1.50,1.73
2012.11.23 07:37:02.216,0.67309,0.67327,1.73,2.48
2012.11.23 07:37:02.398,0.67307,0.67327,1.73,3.23
2012.11.23 07:37:02.456,0.67307,0.67327,1.73,3.23
2012.11.23 07:37:02.576,0.67307,0.67327,1.73,3.23
2012.11.23 07:37:02.836,0.67307,0.67326,1.73,1.73
2012.11.23 07:37:04.096,0.67303,0.67321,1.73,2.48
2012.11.23 07:37:05.766,0.67303,0.67319,1.50,1.73
2012.11.23 07:37:07.384,0.67298,0.67319,1.73,3.23
2012.11.23 07:37:07.996,0.67298,0.67316,1.73,1.73
2012.11.23 07:37:10.425,0.67298,0.67318,2.48,1.73
2012.11.23 07:37:10.786,0.67307,0.67321,1.50,1.73
2012.11.23 07:37:10.908,0.67307,0.67321,1.50,1.73
2012.11.23 07:37:20.725,0.67307,0.67325,2.48,2.48
2012.11.23 07:37:20.906,0.6731,0.67326,1.73,1.88
2012.11.23 07:37:21.025,0.6731,0.67326,2.48,1.13
2012.11.23 07:37:21.325,0.67315,0.67328,1.50,1.13
2012.11.23 07:37:21.933,0.67315,0.67331,1.50,1.73
2012.11.23 07:37:24.425,0.67321,0.67333,1.50,1.73
2012.11.23 07:37:24.545,0.67318,0.67334,1.50,2.48
2012.11.23 07:37:24.666,0.67316,0.67334,1.50,2.48
2012.11.23 07:37:25.185,0.67316,0.67334,2.48,2.48
2012.11.23 07:37:25.245,0.67319,0.67337,1.50,2.48
2012.11.23 07:37:25.992,0.67319,0.67339,1.73,3.23
2012.11.23 07:37:27.993,0.67319,0.67339,1.73,3.23
2012.11.23 07:37:28.686,0.67319,0.67339,3.23,2.48
2012.11.23 07:37:35.505,0.67322,0.67342,1.50,1.73
2012.11.23 07:37:45.216,0.67322,0.67342,1.50,1.73
2012.11.23 07:37:45.405,0.67322,0.67342,1.73,1.73
2012.11.23 07:37:51.074,0.67322,0.67342,1.73,3.23
2012.11.23 07:37:53.675,0.67322,0.67342,1.50,3.23
2012.11.23 07:37:58.865,0.67322,0.67342,1.73,2.48
2012.11.23 07:38:07.125,0.67322,0.6734,2.48,2.48
2012.11.23 07:38:07.245,0.67322,0.6734,2.48,2.48
2012.11.23 07:38:08.348,0.67326,0.67344,1.50,1.73
2012.11.23 07:38:09.730,0.67326,0.67345,2.48,1.73
2012.11.23 07:38:13.396,0.67326,0.67349,3.23,1.73
2012.11.23 07:38:13.635,0.67332,0.67353,1.73,1.73
2012.11.23 07:38:15.578,0.67332,0.67352,1.73,1.73
2012.11.23 07:38:18.717,0.67332,0.67356,3.23,3.23
2012.11.23 07:38:18.847,0.67337,0.67356,1.50,1.73
2012.11.23 07:38:21.322,0.67337,0.67356,1.50,1.73
2012.11.23 07:38:22.626,0.6734,0.67359,1.50,1.35
2012.11.23 07:38:22.749,0.6734,0.67359,1.73,1.35
2012.11.23 07:38:22.877,0.67338,0.67358,1.50,1.56
2012.11.23 07:38:23.415,0.67338,0.67355,1.50,1.73
2012.11.23 07:38:23.906,0.67335,0.67356,2.48,2.48
2012.11.23 07:38:24.437,0.67336,0.67356,1.50,3.23
2012.11.23 07:38:25.441,0.67336,0.67356,2.48,2.48
2012.11.23 07:38:27.256,0.67336,0.67356,2.25,2.48
2012.11.23 07:38:44.235,0.67334,0.67355,2.48,2.48
2012.11.23 07:38:44.876,0.67334,0.67355,2.48,2.48
2012.11.23 07:38:46.712,0.67334,0.67355,2.48,2.48
2012.11.23 07:38:48.379,0.67334,0.67355,2.48,2.48
2012.11.23 07:38:48.746,0.67333,0.6735,1.50,2.48
2012.11.23 07:38:49.278,0.67332,0.6735,2.48,2.48
2012.11.23 07:38:52.826,0.6733,0.67346,2.25,2.48
2012.11.23 07:38:53.005,0.67328,0.67346,1.50,2.48
2012.11.23 07:38:53.385,0.67328,0.67346,1.50,2.48
2012.11.23 07:38:53.695,0.67328,0.67346,1.50,2.48
2012.11.23 07:38:59.356,0.67328,0.67346,2.48,2.48
2012.11.23 07:38:59.925,0.67328,0.67346,1.73,2.48
2012.11.23 07:39:00.021,0.67328,0.67346,1.50,2.48
2012.11.23 07:39:01.888,0.67325,0.67342,2.48,1.73
2012.11.23 07:39:02.006,0.67323,0.67342,2.48,1.73
2012.11.23 07:39:10.086,0.67323,0.67342,1.50,2.48
2012.11.23 07:39:21.995,0.67322,0.67341,1.73,2.48
2012.11.23 07:39:35.217,0.67322,0.67341,1.73,2.48
2012.11.23 07:39:39.427,0.67322,0.67341,3.23,1.73
2012.11.23 07:39:39.558,0.67322,0.67341,3.23,1.50
2012.11.23 07:39:39.915,0.67326,0.67344,2.48,3.98
2012.11.23 07:39:40.236,0.67326,0.67344,3.23,1.73
2012.11.23 07:39:40.358,0.67326,0.67344,3.23,1.73
2012.11.23 07:39:40.835,0.67329,0.67349,2.48,2.48
2012.11.23 07:39:41.616,0.67329,0.67349,2.48,2.48
2012.11.23 07:39:41.975,0.67331,0.67349,3.23,1.73
2012.11.23 07:39:42.157,0.67333,0.67353,2.48,1.73
2012.11.23 07:39:44.330,0.67333,0.67353,2.48,2.48
2012.11.23 07:39:45.048,0.67333,0.67353,2.48,1.73
2012.11.23 07:39:46.995,0.67336,0.67353,1.50,1.73
2012.11.23 07:39:47.326,0.67341,0.67355,2.48,1.50
2012.11.23 07:39:47.412,0.67341,0.67361,2.48,2.48
2012.11.23 07:39:49.555,0.67341,0.67361,2.25,2.48
2012.11.23 07:39:50.275,0.67341,0.67361,2.48,2.48
2012.11.23 07:39:50.406,0.67342,0.67361,1.73,1.73
2012.11.23 07:39:54.957,0.67342,0.67361,1.73,1.73
2012.11.23 07:40:00.696,0.67342,0.67361,1.73,1.73
2012.11.23 07:40:01.520,0.67341,0.67361,2.48,2.48
2012.11.23 07:40:01.875,0.67341,0.67361,2.25,2.48
2012.11.23 07:40:02.478,0.67341,0.67361,2.25,2.48
2012.11.23 07:40:06.485,0.67341,0.6736,1.50,1.35
2012.11.23 07:40:06.788,0.67337,0.67357,2.25,2.48
2012.11.23 07:40:08.442,0.67337,0.67357,2.25,2.48
2012.11.23 07:40:11.865,0.67337,0.67357,2.48,2.48
2012.11.23 07:40:12.256,0.67337,0.67357,3.23,1.73
2012.11.23 07:40:14.888,0.67337,0.67357,3.23,1.73
2012.11.23 07:40:16.648,0.67337,0.67357,3.23,1.73
2012.11.23 07:40:25.155,0.67337,0.67357,3.23,1.73
2012.11.23 07:40:38.006,0.67339,0.67357,2.48,1.73
2012.11.23 07:40:41.946,0.67339,0.67357,2.48,2.48
2012.11.23 07:40:42.007,0.67339,0.67357,2.25,2.48
2012.11.23 07:40:42.246,0.67334,0.67355,2.25,2.48
2012.11.23 07:40:42.367,0.67333,0.67351,2.25,2.48
2012.11.23 07:40:43.040,0.67331,0.67351,2.48,2.48
2012.11.23 07:40:45.105,0.67331,0.67351,2.48,2.48
2012.11.23 07:40:45.638,0.67331,0.67351,2.48,2.48
2012.11.23 07:40:46.143,0.67334,0.67355,2.48,2.48
2012.11.23 07:40:46.735,0.67334,0.67355,2.48,2.48
2012.11.23 07:40:47.633,0.67334,0.67355,2.48,2.48
2012.11.23 07:40:48.186,0.67332,0.6735,3.23,2.25
2012.11.23 07:40:48.436,0.67332,0.6735,3.00,2.48
2012.11.23 07:40:48.496,0.67332,0.6735,3.00,2.48
2012.11.23 07:40:48.816,0.67332,0.67347,1.50,1.73
2012.11.23 07:40:49.176,0.67327,0.67345,3.00,2.48
2012.11.23 07:40:49.235,0.67327,0.67343,1.50,2.48
2012.11.23 07:40:52.285,0.67321,0.67339,3.23,2.25
2012.11.23 07:41:07.338,0.67321,0.67339,2.48,2.25
2012.11.23 07:41:07.397,0.67317,0.67335,2.48,1.73
2012.11.23 07:41:08.066,0.67317,0.67335,2.48,1.73
2012.11.23 07:41:08.226,0.67317,0.67335,2.48,2.48
2012.11.23 07:41:08.586,0.67312,0.67332,3.23,1.73
2012.11.23 07:41:08.651,0.67312,0.67332,3.23,1.73
2012.11.23 07:41:09.186,0.67312,0.67332,3.00,1.73
2012.11.23 07:41:09.306,0.67312,0.67332,2.25,2.48
2012.11.23 07:41:09.716,0.67312,0.67332,2.25,2.48
2012.11.23 07:41:10.326,0.67309,0.67327,2.48,1.73
2012.11.23 07:41:11.265,0.67309,0.67327,2.48,1.73
2012.11.23 07:41:11.446,0.67307,0.67323,1.73,1.50
2012.11.23 07:41:11.625,0.67305,0.67323,2.48,2.25
2012.11.23 07:41:14.197,0.67305,0.67323,2.48,2.48
2012.11.23 07:41:14.812,0.67298,0.67321,2.48,2.48
2012.11.23 07:41:15.346,0.67298,0.67321,2.48,2.48
2012.11.23 07:41:16.337,0.67298,0.67321,2.48,2.48
2012.11.23 07:41:17.786,0.67298,0.67321,2.48,2.48
2012.11.23 07:41:18.326,0.67301,0.67327,1.73,2.85
2012.11.23 07:41:18.446,0.67301,0.67327,1.73,2.85
2012.11.23 07:41:19.040,0.67306,0.67326,1.73,1.73
2012.11.23 07:41:19.225,0.67307,0.67326,2.48,1.73
2012.11.23 07:41:19.547,0.67308,0.67328,2.48,1.73
2012.11.23 07:41:20.061,0.67308,0.67328,2.48,1.73
2012.11.23 07:41:21.937,0.67312,0.67332,3.23,1.73
2012.11.23 07:41:22.255,0.67312,0.67332,3.23,1.50
2012.11.23 07:41:22.376,0.67316,0.67334,2.48,2.48
2012.11.23 07:41:22.735,0.67321,0.67339,1.73,2.48
2012.11.23 07:41:22.896,0.67321,0.67339,2.25,2.48
2012.11.23 07:41:23.425,0.67321,0.67339,2.48,2.48
2012.11.23 07:41:24.987,0.67321,0.67339,2.25,2.48
2012.11.23 07:41:26.130,0.67322,0.67343,1.73,2.48
2012.11.23 07:41:29.973,0.67322,0.67343,1.73,2.48
2012.11.23 07:41:33.798,0.67322,0.67343,1.73,2.48
2012.11.23 07:41:42.116,0.67322,0.67343,1.73,2.48
2012.11.23 07:41:46.655,0.67323,0.67345,2.48,2.48
2012.11.23 07:41:54.957,0.67323,0.67345,2.48,2.48
2012.11.23 07:41:58.178,0.67323,0.67345,2.48,2.48
2012.11.23 07:42:02.495,0.67323,0.67345,2.48,2.48
2012.11.23 07:42:03.233,0.67323,0.67345,2.48,2.48
2012.11.23 07:42:14.930,0.67323,0.67346,2.48,2.48
2012.11.23 07:42:24.927,0.67323,0.67346,2.48,2.48
2012.11.23 07:42:34.909,0.67322,0.67344,2.25,2.48
2012.11.23 07:42:35.467,0.67322,0.67344,2.25,2.48
2012.11.23 07:42:36.105,0.67322,0.67344,2.25,2.48
2012.11.23 07:42:39.996,0.67322,0.67344,2.25,2.48
2012.11.23 07:42:40.374,0.67322,0.67344,2.25,2.48
2012.11.23 07:42:41.646,0.67322,0.67344,2.25,2.95
2012.11.23 07:42:41.705,0.67322,0.67344,2.25,2.95
2012.11.23 07:42:42.513,0.67322,0.67344,2.25,2.95
2012.11.23 07:42:44.778,0.67322,0.67344,2.25,2.95
2012.11.23 07:42:45.237,0.67322,0.67344,2.48,2.48
2012.11.23 07:42:45.418,0.67325,0.67345,2.25,2.85
2012.11.23 07:42:47.056,0.67325,0.67345,2.25,2.85
2012.11.23 07:42:47.647,0.67325,0.67345,2.48,2.85
2012.11.23 07:42:48.006,0.6733,0.67348,2.25,2.48
2012.11.23 07:42:48.546,0.6733,0.67348,2.25,2.48
2012.11.23 07:42:51.265,0.6733,0.67348,2.25,2.48
2012.11.23 07:42:51.325,0.6733,0.67348,2.48,2.48
2012.11.23 07:42:51.576,0.6733,0.67348,2.25,2.48
2012.11.23 07:42:51.817,0.6733,0.67348,2.48,2.48
2012.11.23 07:42:52.365,0.6733,0.67348,2.48,2.48
2012.11.23 07:42:52.737,0.6733,0.67348,2.25,2.48
2012.11.23 07:42:53.799,0.6733,0.67348,2.25,2.48
2012.11.23 07:42:54.067,0.6733,0.67348,2.25,2.48
2012.11.23 07:42:54.609,0.6733,0.67348,2.25,2.48
2012.11.23 07:42:54.936,0.6733,0.67348,2.25,2.48
2012.11.23 07:43:04.546,0.67325,0.67346,2.48,2.48
2012.11.23 07:43:04.667,0.67325,0.67346,2.48,2.48
2012.11.23 07:43:04.981,0.6733,0.67348,2.25,2.48
2012.11.23 07:43:10.636,0.6733,0.67348,2.25,1.73
2012.11.23 07:43:10.816,0.6733,0.67348,2.25,1.73
2012.11.23 07:43:11.296,0.6733,0.67348,2.48,1.73
2012.11.23 07:43:12.567,0.6733,0.67348,2.48,1.73
2012.11.23 07:43:13.222,0.6733,0.67348,2.48,1.73
2012.11.23 07:43:14.923,0.67334,0.67351,2.25,1.35
2012.11.23 07:43:20.356,0.67329,0.6735,2.48,2.48
2012.11.23 07:43:20.415,0.67329,0.6735,2.25,2.48
2012.11.23 07:43:20.940,0.67329,0.6735,2.25,2.48
2012.11.23 07:43:25.056,0.67329,0.6735,2.25,2.48
2012.11.23 07:43:34.901,0.67329,0.6735,2.25,2.48
2012.11.23 07:43:38.665,0.67329,0.6735,2.25,2.48
2012.11.23 07:43:44.932,0.67328,0.67348,2.48,2.48
2012.11.23 07:43:47.279,0.67328,0.67348,2.25,2.48
2012.11.23 07:43:47.396,0.67326,0.67344,2.25,2.48
2012.11.23 07:43:47.576,0.67322,0.6734,2.25,2.48
2012.11.23 07:43:48.117,0.67322,0.6734,2.25,2.48
2012.11.23 07:43:48.176,0.67322,0.6734,2.25,2.48
2012.11.23 07:43:48.697,0.67317,0.67337,2.48,2.48
2012.11.23 07:43:51.877,0.67317,0.67337,2.48,2.48
2012.11.23 07:43:52.236,0.67317,0.67337,2.25,2.48
2012.11.23 07:43:52.357,0.67314,0.67332,3.08,1.73
2012.11.23 07:43:52.595,0.67314,0.67332,2.25,1.73
2012.11.23 07:43:54.968,0.67314,0.67332,2.25,2.48
2012.11.23 07:44:07.576,0.67309,0.67329,2.25,2.48
2012.11.23 07:44:07.877,0.67304,0.67324,2.25,2.48
2012.11.23 07:44:14.955,0.67304,0.67324,2.25,2.48
2012.11.23 07:44:45.435,0.67305,0.67326,1.50,3.23
2012.11.23 07:44:47.794,0.67306,0.67324,1.50,2.48
2012.11.23 07:44:55.017,0.67306,0.67324,2.25,2.48
2012.11.23 07:44:57.649,0.67306,0.67324,1.50,2.48
2012.11.23 07:44:57.766,0.67306,0.67324,1.50,2.48
2012.11.23 07:44:57.886,0.67302,0.6732,2.25,2.48
2012.11.23 07:44:58.247,0.67302,0.6732,2.25,2.48
2012.11.23 07:45:04.627,0.67293,0.67313,2.25,1.73
2012.11.23 07:45:04.689,0.67293,0.67313,2.25,1.73
2012.11.23 07:45:06.908,0.67293,0.67313,2.25,1.73
2012.11.23 07:45:07.879,0.67293,0.67313,2.25,1.73
2012.11.23 07:45:08.484,0.67289,0.67309,2.48,2.48
2012.11.23 07:45:08.711,0.67289,0.67309,2.25,2.48
2012.11.23 07:45:09.114,0.67289,0.67309,2.25,2.48
2012.11.23 07:45:13.636,0.67289,0.67309,2.25,2.48
2012.11.23 07:45:14.341,0.67289,0.67309,2.25,2.48
2012.11.23 07:45:14.647,0.67291,0.67309,1.50,1.73
2012.11.23 07:45:14.767,0.67291,0.67309,1.50,1.73
2012.11.23 07:45:14.887,0.67294,0.67312,1.50,1.73
2012.11.23 07:45:15.313,0.67294,0.67312,2.25,2.48
2012.11.23 07:45:15.617,0.67294,0.67312,2.25,1.73
2012.11.23 07:45:15.679,0.67294,0.67312,2.25,1.73
2012.11.23 07:45:15.737,0.67294,0.67312,2.25,1.73
2012.11.23 07:45:15.796,0.67294,0.67312,2.25,1.73
2012.11.23 07:45:16.336,0.67294,0.67312,2.25,1.73
2012.11.23 07:45:16.537,0.67294,0.67312,2.25,1.73
2012.11.23 07:45:16.657,0.67294,0.67312,2.25,1.73
2012.11.23 07:45:16.986,0.67294,0.67312,2.25,1.73
2012.11.23 07:45:17.046,0.67294,0.67312,2.25,1.73
2012.11.23 07:45:18.577,0.6729,0.67308,2.48,1.73
2012.11.23 07:45:19.152,0.6729,0.67308,2.25,1.73
2012.11.23 07:45:20.002,0.6729,0.67308,2.25,1.73
2012.11.23 07:45:21.287,0.6729,0.67308,2.48,1.73
2012.11.23 07:45:21.346,0.6729,0.67308,2.48,1.73
2012.11.23 07:45:22.396,0.6729,0.67308,2.48,2.48
2012.11.23 07:45:22.457,0.6729,0.67308,2.48,2.48
2012.11.23 07:45:24.972,0.67293,0.67313,1.50,3.23
2012.11.23 07:45:27.016,0.67293,0.67313,2.48,2.48
2012.11.23 07:45:28.447,0.67296,0.67313,1.73,2.25
2012.11.23 07:45:28.757,0.67299,0.67317,2.48,1.50
2012.11.23 07:45:29.198,0.67303,0.67321,1.73,1.73
2012.11.23 07:45:30.166,0.67303,0.67321,1.73,1.50
2012.11.23 07:45:30.297,0.67307,0.67323,1.73,1.50
2012.11.23 07:45:30.836,0.67307,0.67323,1.73,1.50
2012.11.23 07:45:31.538,0.67307,0.67325,1.73,1.73
2012.11.23 07:45:46.949,0.67309,0.67329,1.73,1.73
2012.11.23 07:45:47.186,0.67313,0.67329,1.73,1.73
2012.11.23 07:45:47.366,0.67313,0.67335,2.48,3.60
2012.11.23 07:46:06.887,0.67313,0.67334,1.73,1.73
2012.11.23 07:46:07.249,0.67312,0.67331,2.25,2.48
2012.11.23 07:46:07.369,0.67312,0.67331,2.48,2.48
2012.11.23 07:46:07.966,0.67312,0.6733,1.73,1.73
2012.11.23 07:46:08.677,0.67312,0.67331,1.73,2.48
2012.11.23 07:46:09.016,0.67312,0.67329,1.50,1.73
2012.11.23 07:46:27.266,0.67309,0.67329,1.73,3.23
2012.11.23 07:46:30.667,0.67309,0.67329,1.73,3.23
2012.11.23 07:46:30.786,0.67312,0.67329,1.73,2.48
2012.11.23 07:46:31.326,0.67314,0.67332,1.50,3.23
2012.11.23 07:46:32.323,0.67314,0.67332,2.48,1.50
2012.11.23 07:46:33.906,0.67314,0.67332,1.73,2.25
2012.11.23 07:46:34.307,0.67314,0.67332,1.50,2.48
2012.11.23 07:46:35.607,0.67314,0.67332,1.73,1.50
2012.11.23 07:46:43.887,0.67318,0.67336,1.50,2.48
2012.11.23 07:46:44.196,0.67318,0.67336,1.73,2.48
2012.11.23 07:46:47.388,0.67318,0.67336,1.73,2.48
2012.11.23 07:46:47.576,0.67318,0.67336,1.50,2.48
2012.11.23 07:46:48.348,0.67318,0.67336,1.50,3.23
2012.11.23 07:46:48.587,0.67318,0.67336,1.73,2.48
2012.11.23 07:46:49.367,0.67318,0.67336,1.73,2.48
2012.11.23 07:46:50.658,0.67318,0.67336,1.50,2.48
2012.11.23 07:46:51.246,0.67318,0.67336,1.73,2.48
2012.11.23 07:46:52.876,0.67315,0.67332,2.48,1.73
2012.11.23 07:46:53.507,0.67314,0.67332,2.48,1.50
2012.11.23 07:46:53.776,0.67314,0.67332,2.48,1.73
2012.11.23 07:46:53.957,0.67314,0.67332,2.48,1.50
2012.11.23 07:46:56.616,0.67317,0.67337,1.50,2.48
2012.11.23 07:46:59.489,0.67317,0.67337,1.50,2.48
2012.11.23 07:47:05.586,0.67317,0.67336,1.73,1.73
2012.11.23 07:47:09.296,0.67317,0.67336,1.50,1.73
2012.11.23 07:47:09.817,0.67314,0.67333,2.48,2.48
2012.11.23 07:47:14.956,0.67314,0.67333,2.48,2.48
2012.11.23 07:47:29.586,0.67316,0.67334,1.50,2.48
2012.11.23 07:47:49.645,0.67314,0.67334,2.48,2.48
2012.11.23 07:48:04.677,0.67314,0.67334,2.48,2.48
2012.11.23 07:48:05.514,0.67314,0.67334,1.50,2.48
2012.11.23 07:48:09.746,0.67313,0.67333,2.25,2.48
2012.11.23 07:48:17.517,0.6731,0.67328,2.48,1.73
2012.11.23 07:48:17.577,0.6731,0.67328,2.25,1.73
2012.11.23 07:48:19.408,0.6731,0.67328,2.25,1.73
2012.11.23 07:48:31.977,0.67312,0.67328,1.50,1.73
2012.11.23 07:48:32.062,0.67312,0.67328,1.50,1.50
2012.11.23 07:48:37.606,0.67312,0.6733,1.50,1.73
2012.11.23 07:48:43.824,0.6731,0.6733,2.48,2.48
2012.11.23 07:48:44.940,0.67311,0.6733,1.73,1.73
2012.11.23 07:48:48.224,0.67311,0.6733,1.73,1.50
2012.11.23 07:48:49.468,0.67317,0.67332,1.50,1.73
2012.11.23 07:48:49.801,0.67315,0.67335,2.48,2.48
2012.11.23 07:48:49.857,0.67315,0.67335,2.48,2.48
2012.11.23 07:48:49.918,0.67315,0.67335,2.25,2.48
2012.11.23 07:48:59.808,0.6732,0.67338,2.25,2.48
2012.11.23 07:49:00.057,0.67316,0.67334,2.25,2.48
2012.11.23 07:49:00.957,0.67316,0.67334,3.00,2.48
2012.11.23 07:49:01.017,0.67316,0.67334,3.23,2.48
2012.11.23 07:49:04.357,0.6732,0.67338,2.25,1.73
2012.11.23 07:49:04.416,0.6732,0.67338,2.48,1.50
2012.11.23 07:49:07.317,0.6732,0.67338,2.48,1.73
2012.11.23 07:49:07.727,0.6732,0.67338,2.48,2.48
2012.11.23 07:49:07.906,0.6732,0.67338,2.25,2.48
2012.11.23 07:49:09.129,0.6732,0.67338,2.25,2.48
2012.11.23 07:49:09.407,0.6732,0.67338,2.25,2.48
2012.11.23 07:49:10.667,0.67325,0.67341,1.50,1.73
2012.11.23 07:49:10.727,0.67325,0.67341,1.73,1.50
2012.11.23 07:49:10.787,0.67326,0.67344,1.73,2.48
2012.11.23 07:49:15.343,0.67326,0.67344,1.73,2.48
2012.11.23 07:49:19.588,0.67324,0.67344,2.48,2.48
2012.11.23 07:49:20.068,0.67326,0.67344,1.73,2.48
2012.11.23 07:49:21.568,0.67326,0.67344,1.73,2.48
2012.11.23 07:49:27.347,0.67324,0.67344,2.25,2.48
2012.11.23 07:49:27.407,0.67324,0.67344,2.25,2.48
2012.11.23 07:49:27.467,0.67324,0.67344,2.25,2.48
2012.11.23 07:49:29.670,0.67334,0.67346,1.50,2.48
2012.11.23 07:49:30.131,0.67334,0.67346,2.25,1.50
2012.11.23 07:49:30.201,0.67336,0.67352,1.50,1.73
2012.11.23 07:49:34.958,0.67336,0.67352,1.50,1.73
2012.11.23 07:49:36.577,0.67334,0.67352,2.48,2.48
2012.11.23 07:49:43.677,0.67337,0.67352,1.50,1.73
2012.11.23 07:49:43.917,0.67337,0.67352,1.73,1.50
2012.11.23 07:49:44.543,0.67337,0.67352,1.73,1.50
2012.11.23 07:49:44.627,0.67337,0.67355,3.23,1.50
2012.11.23 07:49:44.882,0.67337,0.67357,3.23,1.73
2012.11.23 07:49:45.655,0.67337,0.67357,3.23,1.73
2012.11.23 07:49:54.988,0.67337,0.67357,3.23,1.73
2012.11.23 07:50:01.457,0.67337,0.67357,2.48,2.48
2012.11.23 07:50:01.832,0.67337,0.67354,1.50,1.73
2012.11.23 07:50:01.911,0.67337,0.67354,1.73,1.50
2012.11.23 07:50:01.968,0.67334,0.67352,3.23,1.50
2012.11.23 07:50:03.859,0.67335,0.67352,1.58,2.25
2012.11.23 07:50:04.098,0.67337,0.67352,1.50,1.73
2012.11.23 07:50:04.217,0.67337,0.67352,1.50,1.50
2012.11.23 07:50:04.758,0.67338,0.67354,2.48,2.25
2012.11.23 07:50:04.938,0.67338,0.67354,2.48,2.25
2012.11.23 07:50:04.997,0.67338,0.67354,2.48,2.25
2012.11.23 07:50:05.177,0.67338,0.67354,2.48,2.25
2012.11.23 07:50:05.890,0.67338,0.67358,2.48,1.73
2012.11.23 07:50:06.590,0.67338,0.67358,2.48,1.73
2012.11.23 07:50:06.752,0.67342,0.67361,1.73,2.48
2012.11.23 07:50:13.668,0.67342,0.67361,1.73,2.48
2012.11.23 07:50:14.217,0.67342,0.67361,1.50,2.48
2012.11.23 07:50:14.277,0.67342,0.67361,1.50,3.23
2012.11.23 07:50:14.396,0.67339,0.67357,1.73,1.73
2012.11.23 07:50:15.004,0.67339,0.67357,1.73,1.50
2012.11.23 07:50:15.608,0.67339,0.67357,3.23,1.50
2012.11.23 07:50:22.698,0.67339,0.67357,2.48,1.50
2012.11.23 07:50:22.818,0.67339,0.67357,1.73,1.73
2012.11.23 07:50:22.997,0.67334,0.67355,3.60,2.48
2012.11.23 07:50:23.577,0.67334,0.67355,2.85,2.48
2012.11.23 07:50:25.602,0.67334,0.67355,3.60,1.73
2012.11.23 07:50:26.578,0.67334,0.67355,3.60,1.73
2012.11.23 07:50:27.078,0.67334,0.67354,2.10,1.73
2012.11.23 07:50:32.708,0.67334,0.67353,1.50,1.73
2012.11.23 07:50:32.887,0.67331,0.67351,1.50,1.73
2012.11.23 07:50:35.677,0.6733,0.67351,2.48,3.23
2012.11.23 07:50:35.818,0.67327,0.67347,2.25,1.73
2012.11.23 07:50:36.257,0.67327,0.67345,1.50,1.73
2012.11.23 07:50:37.247,0.67327,0.67347,2.48,2.48
2012.11.23 07:50:43.078,0.67327,0.67347,2.48,2.48
2012.11.23 07:50:55.779,0.6733,0.67348,1.50,3.98
2012.11.23 07:50:57.967,0.6733,0.67348,1.50,2.48
2012.11.23 07:50:58.499,0.6733,0.67348,1.50,3.23
2012.11.23 07:51:14.760,0.6733,0.67348,1.50,3.23
2012.11.23 07:51:17.449,0.67335,0.67348,1.35,1.50
2012.11.23 07:51:17.688,0.67339,0.67348,1.73,1.50
2012.11.23 07:51:17.807,0.67339,0.67357,3.83,3.23
2012.11.23 07:51:18.309,0.67339,0.67358,2.33,2.48
2012.11.23 07:51:18.890,0.67339,0.67358,1.58,2.48
2012.11.23 07:51:19.247,0.67338,0.67358,2.25,2.48
2012.11.23 07:51:19.772,0.67338,0.67358,1.50,3.23
2012.11.23 07:51:37.717,0.67336,0.67357,2.48,1.73
2012.11.23 07:51:38.238,0.67336,0.67357,2.48,1.73
2012.11.23 07:51:44.624,0.67336,0.67357,2.48,1.73
2012.11.23 07:52:10.790,0.67337,0.67357,1.50,2.48
2012.11.23 07:52:19.527,0.67337,0.67354,1.50,1.73
2012.11.23 07:52:19.947,0.67336,0.67352,1.50,2.48
2012.11.23 07:52:20.087,0.67334,0.67352,1.50,2.48
2012.11.23 07:52:26.767,0.67334,0.67347,1.50,1.73
2012.11.23 07:52:26.887,0.6733,0.67347,1.50,1.73
2012.11.23 07:52:27.008,0.6733,0.67347,1.50,1.73
2012.11.23 07:52:27.367,0.67326,0.67344,1.50,2.48
2012.11.23 07:52:27.777,0.67326,0.67342,1.50,1.73
2012.11.23 07:52:31.018,0.67323,0.67341,1.50,2.48
2012.11.23 07:52:31.560,0.67323,0.67341,1.50,2.02
2012.11.23 07:52:31.635,0.67321,0.67341,1.50,2.48
2012.11.23 07:52:31.700,0.67321,0.6734,1.50,1.73
2012.11.23 07:52:32.248,0.67321,0.67341,1.50,2.48
2012.11.23 07:52:37.307,0.67317,0.67337,3.00,1.73
2012.11.23 07:52:37.367,0.67317,0.67337,3.00,1.73
2012.11.23 07:52:37.807,0.67317,0.67337,3.00,1.73
2012.11.23 07:52:37.867,0.67317,0.67337,2.25,1.73
2012.11.23 07:52:43.307,0.67317,0.67337,1.73,2.48
2012.11.23 07:52:44.388,0.67317,0.67337,2.48,2.48
2012.11.23 07:52:45.048,0.67314,0.67333,2.48,2.25
2012.11.23 07:52:45.358,0.67314,0.67333,1.73,3.23
2012.11.23 07:52:45.766,0.67314,0.67333,1.73,3.23
2012.11.23 07:52:46.420,0.67314,0.67333,1.50,3.23
2012.11.23 07:52:48.610,0.67311,0.67329,2.48,2.48
2012.11.23 07:52:48.668,0.67311,0.67329,2.48,2.25
2012.11.23 07:52:48.728,0.67311,0.67329,2.48,2.25
2012.11.23 07:52:49.167,0.67316,0.67333,1.50,1.73
2012.11.23 07:52:50.487,0.67316,0.67333,1.50,1.73
2012.11.23 07:52:55.008,0.67316,0.67333,1.50,1.73
2012.11.23 07:53:22.487,0.67318,0.67333,1.50,1.73
2012.11.23 07:53:22.799,0.67319,0.67338,1.50,1.73
2012.11.23 07:53:22.978,0.67319,0.67338,1.73,1.73
2012.11.23 07:53:23.038,0.67322,0.67338,1.50,1.73
2012.11.23 07:53:23.578,0.67322,0.67343,1.73,2.48
2012.11.23 07:53:23.769,0.67326,0.67344,1.73,1.73
2012.11.23 07:53:26.428,0.67326,0.67346,3.23,1.73
2012.11.23 07:53:26.728,0.6733,0.6735,2.25,2.48
2012.11.23 07:53:29.868,0.6733,0.6735,2.25,2.48
2012.11.23 07:53:30.720,0.67334,0.67354,2.25,2.48
2012.11.23 07:53:34.915,0.67334,0.67354,2.25,2.48
2012.11.23 07:53:36.418,0.67334,0.67354,2.25,2.48
2012.11.23 07:53:39.589,0.67334,0.67354,1.50,3.23
2012.11.23 07:54:09.991,0.67335,0.67354,1.50,3.23
2012.11.23 07:54:23.428,0.67331,0.67351,1.13,2.48
2012.11.23 07:54:23.490,0.6733,0.67351,2.48,2.48
2012.11.23 07:54:23.609,0.67327,0.67347,1.50,2.48
2012.11.23 07:54:23.909,0.67327,0.67347,1.50,3.23
2012.11.23 07:54:24.268,0.67327,0.67347,1.50,3.23
2012.11.23 07:54:24.631,0.67319,0.67338,2.48,2.25
2012.11.23 07:54:24.939,0.67319,0.67338,1.50,2.48
2012.11.23 07:54:30.008,0.67319,0.67338,1.50,1.73
2012.11.23 07:54:30.247,0.67319,0.67338,2.48,1.73
2012.11.23 07:54:30.367,0.67319,0.67338,2.48,1.73
2012.11.23 07:54:30.884,0.67323,0.67341,1.50,2.48
2012.11.23 07:54:50.527,0.67321,0.67341,1.50,2.48
2012.11.23 07:54:58.838,0.67321,0.67341,2.25,1.73
2012.11.23 07:54:59.017,0.67322,0.67341,1.73,1.73
2012.11.23 07:55:00.650,0.67322,0.67341,1.50,1.73
2012.11.23 07:55:01.343,0.67322,0.67341,1.50,1.73
2012.11.23 07:55:02.009,0.67322,0.67341,1.50,1.73
2012.11.23 07:55:02.187,0.67322,0.67341,1.73,1.50
2012.11.23 07:55:02.309,0.67326,0.67344,1.50,2.48
2012.11.23 07:55:06.987,0.67326,0.67344,2.48,2.25
2012.11.23 07:55:07.348,0.67326,0.67344,1.50,2.48
2012.11.23 07:55:11.645,0.67326,0.67344,1.73,2.48
2012.11.23 07:55:19.200,0.67326,0.67344,1.50,2.48
2012.11.23 07:55:19.630,0.67326,0.67344,1.50,2.48
2012.11.23 07:55:20.298,0.67326,0.67344,1.50,2.48
2012.11.23 07:55:22.408,0.67324,0.67345,2.48,2.48
2012.11.23 07:55:39.413,0.67324,0.67345,1.73,2.48
2012.11.23 07:55:42.569,0.67326,0.67346,1.50,3.23
2012.11.23 07:55:45.893,0.67326,0.67346,1.73,3.23
2012.11.23 07:55:53.478,0.67326,0.67346,2.48,2.48
2012.11.23 07:55:53.598,0.67329,0.67346,1.73,1.73
2012.11.23 07:56:16.516,0.67329,0.67348,2.48,1.73
2012.11.23 07:56:17.719,0.67329,0.67348,1.73,1.73
2012.11.23 07:56:17.958,0.67326,0.67344,2.48,2.48
2012.11.23 07:56:18.278,0.67328,0.67346,2.48,1.73
2012.11.23 07:56:18.904,0.67328,0.67346,2.48,1.73
2012.11.23 07:56:19.368,0.67328,0.67346,1.73,2.48
2012.11.23 07:56:29.388,0.67328,0.67346,1.73,2.48
2012.11.23 07:56:29.508,0.67328,0.67345,1.50,1.73
2012.11.23 07:56:31.046,0.67328,0.67345,1.50,1.73
2012.11.23 07:56:31.709,0.67326,0.67342,1.88,2.48
2012.11.23 07:56:31.768,0.67322,0.67342,2.48,2.48
2012.11.23 07:56:35.898,0.67327,0.67343,2.25,1.73
2012.11.23 07:56:35.958,0.67327,0.67343,2.25,1.73
2012.11.23 07:56:36.508,0.67327,0.67345,2.25,3.23
2012.11.23 07:56:36.838,0.67323,0.67341,1.88,1.73
2012.11.23 07:56:37.439,0.67323,0.67341,2.10,1.73
2012.11.23 07:56:37.890,0.67323,0.67341,1.88,1.73
2012.11.23 07:56:38.609,0.67323,0.67339,2.10,1.73
2012.11.23 07:56:39.296,0.67321,0.67339,1.35,2.48
2012.11.23 07:56:43.058,0.67323,0.67338,1.88,1.73
2012.11.23 07:56:44.409,0.67319,0.67337,1.50,2.48
2012.11.23 07:56:54.748,0.67317,0.67333,1.73,1.73
2012.11.23 07:56:55.273,0.67317,0.67333,1.50,1.73
2012.11.23 07:56:55.459,0.67314,0.67333,2.10,1.73
2012.11.23 07:56:56.542,0.67312,0.67329,1.35,1.50
2012.11.23 07:57:00.538,0.67314,0.67333,2.10,1.73
2012.11.23 07:57:01.078,0.67314,0.67333,2.10,1.73
2012.11.23 07:57:02.218,0.67314,0.67333,2.10,1.73
2012.11.23 07:57:03.369,0.67314,0.67333,2.10,1.73
2012.11.23 07:57:03.669,0.67319,0.67337,1.73,2.48
2012.11.23 07:57:04.479,0.67319,0.67337,1.73,2.48
2012.11.23 07:57:05.176,0.67319,0.67337,1.73,2.48
2012.11.23 07:57:05.688,0.67319,0.67337,1.73,2.25
2012.11.23 07:57:05.749,0.67319,0.67337,1.73,2.25
2012.11.23 07:57:06.188,0.67322,0.67341,2.85,2.48
2012.11.23 07:57:06.718,0.67322,0.67341,2.85,2.48
2012.11.23 07:57:08.427,0.67322,0.67341,2.85,1.50
2012.11.23 07:57:10.498,0.67326,0.67344,1.50,2.48
2012.11.23 07:57:11.163,0.67326,0.67344,2.25,2.48
2012.11.23 07:57:11.648,0.67327,0.67344,1.73,2.25
2012.11.23 07:57:12.009,0.67331,0.67344,1.73,1.50
2012.11.23 07:57:12.229,0.67334,0.6735,2.48,1.50
2012.11.23 07:57:12.289,0.67334,0.67352,2.48,2.48
2012.11.23 07:57:15.021,0.67334,0.67352,1.73,1.73
2012.11.23 07:57:15.140,0.67334,0.67352,1.73,1.50
2012.11.23 07:57:15.378,0.67338,0.67354,1.73,1.73
2012.11.23 07:57:16.080,0.67338,0.67356,1.73,1.73
2012.11.23 07:57:16.889,0.67338,0.67356,2.48,1.50
2012.11.23 07:57:27.869,0.67338,0.67356,1.73,2.25
2012.11.23 07:57:28.411,0.67333,0.67354,2.10,3.23
2012.11.23 07:57:29.299,0.67335,0.67354,1.35,2.48
2012.11.23 07:57:29.888,0.67336,0.67354,1.35,2.48
2012.11.23 07:57:35.478,0.67339,0.67356,1.13,1.73
2012.11.23 07:57:35.538,0.67339,0.67356,1.35,1.73
2012.11.23 07:57:37.399,0.67341,0.67361,1.73,3.23
2012.11.23 07:57:37.577,0.67337,0.67358,2.85,3.23
2012.11.23 07:57:39.829,0.67337,0.67358,1.88,3.23
2012.11.23 07:57:43.930,0.67335,0.67353,2.85,1.73
2012.11.23 07:57:49.298,0.67336,0.67353,1.13,1.73
2012.11.23 07:57:49.498,0.67336,0.67353,1.35,1.73
2012.11.23 07:57:51.228,0.67335,0.67353,2.48,1.50
2012.11.23 07:57:51.949,0.67338,0.67358,2.48,2.48
2012.11.23 07:57:54.988,0.67338,0.67358,2.48,2.48
2012.11.23 07:58:13.708,0.67338,0.67356,2.85,1.73
2012.11.23 07:58:24.920,0.67338,0.67356,2.85,1.73
2012.11.23 07:58:27.720,0.67338,0.67356,2.85,1.73
2012.11.23 07:58:35.688,0.67338,0.67356,1.73,1.73
2012.11.23 07:58:40.459,0.67338,0.67356,1.50,1.73
2012.11.23 07:58:40.638,0.67338,0.67356,1.73,1.73
2012.11.23 07:58:49.178,0.67338,0.67356,2.48,1.73
2012.11.23 07:58:56.304,0.67339,0.67357,2.48,1.73
2012.11.23 07:59:10.049,0.67339,0.67357,2.48,1.73
2012.11.23 07:59:14.368,0.67339,0.67357,2.48,1.73
2012.11.23 07:59:14.428,0.67339,0.67357,2.25,1.73
2012.11.23 07:59:16.198,0.67339,0.67356,1.50,1.73
2012.11.23 07:59:16.258,0.6734,0.67359,2.48,2.48
2012.11.23 07:59:16.509,0.67342,0.6736,2.10,2.25
2012.11.23 07:59:16.568,0.67342,0.6736,2.10,1.50
2012.11.23 07:59:19.289,0.67345,0.67363,1.73,2.48
2012.11.23 07:59:22.588,0.67345,0.67363,2.48,2.48
2012.11.23 07:59:23.678,0.67345,0.67363,2.48,2.48
2012.11.23 07:59:24.158,0.67345,0.67363,2.48,2.48
2012.11.23 07:59:28.328,0.67345,0.67363,1.50,2.48
2012.11.23 07:59:28.688,0.67345,0.67363,2.48,2.48
2012.11.23 07:59:30.518,0.67345,0.67363,3.08,2.25
2012.11.23 07:59:32.588,0.67347,0.67363,1.35,2.25
2012.11.23 07:59:33.090,0.67347,0.67363,2.10,1.50
2012.11.23 07:59:37.699,0.6735,0.67368,2.48,2.48
2012.11.23 07:59:39.978,0.6735,0.67368,2.48,2.25
2012.11.23 07:59:41.479,0.6735,0.67368,1.73,2.48
2012.11.23 07:59:41.598,0.67349,0.67366,1.13,1.73
2012.11.23 07:59:42.328,0.67349,0.67366,1.13,2.48
2012.11.23 07:59:44.698,0.67349,0.67366,1.35,2.48
2012.11.23 07:59:44.819,0.67349,0.67366,1.35,1.73
2012.11.23 07:59:44.938,0.67351,0.67368,2.48,2.25
2012.11.23 07:59:45.683,0.67351,0.67369,1.50,2.48
2012.11.23 07:59:46.039,0.67351,0.67369,1.88,2.48
2012.11.23 07:59:46.402,0.67351,0.67369,1.50,2.48
2012.11.23 07:59:49.678,0.67351,0.67369,2.25,2.48
2012.11.23 07:59:49.798,0.67351,0.67369,1.88,2.48
2012.11.23 07:59:49.918,0.67352,0.67369,1.35,2.48
2012.11.23 07:59:51.448,0.67351,0.67369,1.50,2.40
2012.11.23 07:59:51.719,0.67347,0.67366,1.73,2.40
2012.11.23 07:59:52.373,0.67347,0.67366,1.73,2.40
2012.11.23 07:59:52.510,0.67346,0.67366,3.60,2.48
2012.11.23 07:59:58.514,0.67346,0.67366,3.60,2.48
2012.11.23 07:59:58.849,0.67346,0.67366,2.63,2.48
2012.11.23 07:59:59.208,0.67346,0.67362,1.88,1.19
2012.11.23 07:59:59.328,0.6734,0.6736,2.25,2.48
