2018.05.21 04:00:00.685,0.76667,0.76677,1.00,1.50
2018.05.21 04:00:01.192,0.76666,0.76676,1.50,1.00
2018.05.21 04:00:02.305,0.76665,0.76676,1.50,1.50
2018.05.21 04:00:02.810,0.76664,0.76675,1.50,1.50
2018.05.21 04:00:03.338,0.76665,0.76675,1.00,1.00
2018.05.21 04:00:03.908,0.76666,0.76675,1.00,1.00
2018.05.21 04:00:04.457,0.76666,0.76676,1.00,1.50
2018.05.21 04:00:06.801,0.76666,0.76675,1.00,1.00
2018.05.21 04:00:08.062,0.76665,0.76675,1.00,1.00
2018.05.21 04:00:08.695,0.76666,0.76675,1.00,1.00
2018.05.21 04:00:14.008,0.76665,0.76675,1.00,1.00
2018.05.21 04:00:14.694,0.76666,0.76675,1.00,1.00
2018.05.21 04:00:15.296,0.76666,0.76674,1.00,1.00
2018.05.21 04:00:15.500,0.76664,0.76674,1.50,1.00
2018.05.21 04:00:15.551,0.76666,0.76675,1.00,1.00
2018.05.21 04:00:18.425,0.76669,0.76676,1.00,1.50
2018.05.21 04:00:18.476,0.76667,0.76676,2.25,1.50
2018.05.21 04:00:18.944,0.76669,0.76677,1.00,1.00
2018.05.21 04:00:19.150,0.7667,0.76681,1.50,2.25
2018.05.21 04:00:19.201,0.76672,0.76681,1.00,1.00
2018.05.21 04:00:21.585,0.76673,0.76682,1.00,1.00
2018.05.21 04:00:23.659,0.76674,0.76683,1.00,1.50
2018.05.21 04:00:28.388,0.76673,0.76683,1.00,1.00
2018.05.21 04:00:37.738,0.76674,0.76683,1.00,1.50
2018.05.21 04:00:38.124,0.76672,0.76683,1.50,2.25
2018.05.21 04:00:38.998,0.76673,0.76683,1.00,2.25
2018.05.21 04:00:42.249,0.76674,0.76683,1.00,1.50
2018.05.21 04:00:43.325,0.76673,0.76683,1.50,1.50
2018.05.21 04:00:43.456,0.76673,0.7668,1.00,1.00
2018.05.21 04:00:43.562,0.76671,0.76679,1.50,1.00
2018.05.21 04:00:43.767,0.76669,0.76679,1.50,1.50
2018.05.21 04:00:44.294,0.76669,0.76678,1.50,1.00
2018.05.21 04:00:47.574,0.7667,0.76679,1.00,1.00
2018.05.21 04:00:47.728,0.76672,0.76681,1.00,2.25
2018.05.21 04:00:48.293,0.76673,0.76681,1.00,1.00
2018.05.21 04:00:50.348,0.76674,0.76683,1.00,2.25
2018.05.21 04:00:50.861,0.76675,0.76684,1.00,1.00
2018.05.21 04:00:52.211,0.76676,0.76684,1.00,1.00
2018.05.21 04:00:53.737,0.76676,0.76685,1.00,1.00
2018.05.21 04:00:54.474,0.76677,0.76685,1.00,1.00
2018.05.21 04:00:55.923,0.76677,0.76686,1.00,1.00
2018.05.21 04:00:58.628,0.76678,0.76686,1.00,1.00
2018.05.21 04:00:59.142,0.76681,0.76688,1.00,1.00
2018.05.21 04:00:59.347,0.76679,0.76688,1.00,1.00
2018.05.21 04:00:59.399,0.76681,0.76687,1.00,1.00
2018.05.21 04:00:59.909,0.76681,0.76689,1.00,1.00
2018.05.21 04:01:00.287,0.76681,0.76691,1.00,1.50
2018.05.21 04:01:00.788,0.76682,0.76692,1.00,2.25
2018.05.21 04:01:01.142,0.76684,0.76693,1.00,1.00
2018.05.21 04:01:01.455,0.76678,0.76687,1.00,1.50
2018.05.21 04:01:01.814,0.7668,0.76688,1.00,1.00
2018.05.21 04:01:02.325,0.76681,0.76689,1.00,2.25
2018.05.21 04:01:02.733,0.76682,0.76691,1.00,1.50
2018.05.21 04:01:03.266,0.76683,0.76692,1.00,1.00
2018.05.21 04:01:03.866,0.76684,0.76693,1.00,1.00
2018.05.21 04:01:04.411,0.76683,0.76693,2.25,1.50
2018.05.21 04:01:05.036,0.76683,0.76692,1.50,1.50
2018.05.21 04:01:05.967,0.76683,0.76691,1.00,1.00
2018.05.21 04:01:06.019,0.76681,0.76691,2.25,1.50
2018.05.21 04:01:11.223,0.76681,0.7669,1.50,1.00
2018.05.21 04:01:11.325,0.76683,0.76691,1.00,1.00
2018.05.21 04:01:11.910,0.7668,0.7669,1.50,1.50
2018.05.21 04:01:12.264,0.7668,0.76688,1.00,1.00
2018.05.21 04:01:12.314,0.76678,0.76687,1.00,1.00
2018.05.21 04:01:12.861,0.76678,0.76688,1.50,1.00
2018.05.21 04:01:13.366,0.76677,0.76687,2.25,1.00
2018.05.21 04:01:13.927,0.76678,0.76687,1.00,1.00
2018.05.21 04:01:14.545,0.76678,0.76688,1.00,1.50
2018.05.21 04:01:15.068,0.76677,0.76687,2.25,1.00
2018.05.21 04:01:15.380,0.76675,0.76685,2.25,1.00
2018.05.21 04:01:15.726,0.76677,0.76687,1.50,1.50
2018.05.21 04:01:19.949,0.76677,0.76686,2.25,1.00
2018.05.21 04:01:20.940,0.76677,0.76687,2.25,1.00
2018.05.21 04:01:27.213,0.76678,0.76687,1.00,1.00
2018.05.21 04:01:27.720,0.76679,0.76687,1.00,1.00
2018.05.21 04:01:28.228,0.76678,0.76688,1.50,1.50
2018.05.21 04:01:28.744,0.76679,0.76688,1.00,1.00
2018.05.21 04:01:29.387,0.7668,0.76688,1.00,1.00
2018.05.21 04:01:29.928,0.76681,0.76689,1.00,1.50
2018.05.21 04:01:30.462,0.7668,0.76689,1.50,1.50
2018.05.21 04:01:34.271,0.76681,0.76689,1.00,1.00
2018.05.21 04:01:34.861,0.76681,0.7669,1.00,1.50
2018.05.21 04:01:35.173,0.76683,0.76692,1.00,1.00
2018.05.21 04:01:35.679,0.76682,0.76692,1.50,1.50
2018.05.21 04:01:37.529,0.76683,0.76692,1.00,2.25
2018.05.21 04:01:38.038,0.76684,0.76692,1.00,2.25
2018.05.21 04:01:38.585,0.76683,0.76692,1.00,2.25
2018.05.21 04:01:39.133,0.76682,0.76691,1.50,1.00
2018.05.21 04:01:41.149,0.76682,0.76692,1.50,2.25
2018.05.21 04:01:44.454,0.76683,0.76692,1.00,2.25
2018.05.21 04:01:45.062,0.76683,0.76691,1.00,1.00
2018.05.21 04:01:45.594,0.76684,0.76691,1.00,1.00
2018.05.21 04:01:46.945,0.76683,0.76691,1.00,1.00
2018.05.21 04:01:48.914,0.76683,0.76692,1.00,3.00
2018.05.21 04:01:50.662,0.76685,0.76694,1.00,2.25
2018.05.21 04:01:50.967,0.76676,0.76685,1.00,1.50
2018.05.21 04:01:51.397,0.76676,0.76687,1.00,3.00
2018.05.21 04:01:51.606,0.76679,0.76689,1.00,1.50
2018.05.21 04:01:51.913,0.76681,0.7669,1.00,1.50
2018.05.21 04:01:53.085,0.76681,0.76691,1.50,1.50
2018.05.21 04:01:53.498,0.76685,0.76693,1.00,1.00
2018.05.21 04:01:53.659,0.76688,0.76698,2.25,1.50
2018.05.21 04:01:54.177,0.76689,0.76698,1.50,1.00
2018.05.21 04:01:54.711,0.7669,0.76698,1.00,1.00
2018.05.21 04:01:55.295,0.7669,0.76699,1.00,1.00
2018.05.21 04:01:56.389,0.76691,0.76698,1.50,1.00
2018.05.21 04:01:56.542,0.76689,0.76699,1.50,1.50
2018.05.21 04:01:56.643,0.76689,0.76697,1.00,1.00
2018.05.21 04:01:56.795,0.76691,0.76701,1.50,1.50
2018.05.21 04:01:56.897,0.76693,0.76702,1.00,1.00
2018.05.21 04:01:57.542,0.76693,0.76703,2.25,1.50
2018.05.21 04:01:57.851,0.76696,0.76705,1.00,1.50
2018.05.21 04:01:58.357,0.76695,0.76704,1.50,1.50
2018.05.21 04:01:58.662,0.76693,0.76702,1.00,1.50
2018.05.21 04:01:59.179,0.76693,0.76703,1.50,1.50
2018.05.21 04:02:00.516,0.76694,0.76703,1.00,1.50
2018.05.21 04:02:00.873,0.76693,0.76701,1.00,1.00
2018.05.21 04:02:01.226,0.76692,0.76703,2.25,1.50
2018.05.21 04:02:01.378,0.76694,0.76704,1.00,1.50
2018.05.21 04:02:01.725,0.76694,0.76701,1.00,1.00
2018.05.21 04:02:02.141,0.76692,0.767,1.00,1.00
2018.05.21 04:02:02.343,0.7669,0.76701,2.25,2.25
2018.05.21 04:02:02.620,0.7669,0.76698,1.00,1.00
2018.05.21 04:02:03.252,0.7669,0.76697,1.00,1.00
2018.05.21 04:02:04.402,0.76688,0.76697,1.00,1.50
2018.05.21 04:02:05.538,0.76689,0.76697,1.00,1.50
2018.05.21 04:02:06.093,0.76689,0.76696,1.00,1.00
2018.05.21 04:02:06.861,0.76687,0.76693,1.00,1.00
2018.05.21 04:02:06.964,0.76684,0.76692,1.00,1.00
2018.05.21 04:02:07.116,0.76686,0.76693,1.00,1.00
2018.05.21 04:02:07.319,0.76684,0.76692,1.50,1.00
2018.05.21 04:02:11.234,0.76684,0.76694,2.62,1.50
2018.05.21 04:02:11.285,0.76684,0.76692,1.87,1.00
2018.05.21 04:02:11.865,0.76684,0.76692,1.50,1.00
2018.05.21 04:02:12.224,0.76685,0.76694,1.50,1.00
2018.05.21 04:02:12.379,0.76687,0.76695,1.00,1.00
2018.05.21 04:02:13.399,0.76688,0.76695,1.00,1.00
2018.05.21 04:02:18.455,0.76688,0.76694,1.00,1.00
2018.05.21 04:02:19.182,0.76687,0.76694,1.00,1.00
2018.05.21 04:02:20.204,0.76687,0.76693,1.00,1.00
2018.05.21 04:02:20.710,0.76686,0.76692,1.00,1.00
2018.05.21 04:02:25.040,0.76686,0.76691,1.00,1.00
2018.05.21 04:02:25.588,0.76686,0.76692,1.00,1.00
2018.05.21 04:02:26.437,0.76685,0.76692,1.00,1.00
2018.05.21 04:02:27.132,0.76684,0.76692,1.50,1.00
2018.05.21 04:02:30.166,0.76684,0.76691,1.50,1.00
2018.05.21 04:02:30.703,0.76684,0.7669,1.00,1.00
2018.05.21 04:02:31.531,0.76682,0.7669,3.00,1.00
2018.05.21 04:02:32.042,0.76682,0.76689,1.00,1.00
2018.05.21 04:02:32.433,0.76682,0.76691,1.00,1.00
2018.05.21 04:02:33.904,0.76682,0.7669,1.00,1.00
2018.05.21 04:02:34.607,0.76682,0.76691,2.25,1.00
2018.05.21 04:02:34.862,0.76683,0.76693,2.25,1.00
2018.05.21 04:02:35.065,0.76686,0.76694,1.00,1.50
2018.05.21 04:02:35.598,0.76685,0.76695,1.50,1.50
2018.05.21 04:02:39.902,0.76685,0.76694,1.12,1.00
2018.05.21 04:02:40.693,0.76686,0.76694,1.00,1.50
2018.05.21 04:02:40.996,0.76687,0.76696,1.00,2.25
2018.05.21 04:02:41.551,0.76687,0.76697,1.50,1.50
2018.05.21 04:02:42.073,0.76687,0.76696,1.00,1.00
2018.05.21 04:02:44.145,0.76687,0.76695,1.00,1.00
2018.05.21 04:02:48.635,0.76687,0.76696,1.00,1.00
2018.05.21 04:02:51.265,0.76685,0.76696,2.62,1.50
2018.05.21 04:02:53.065,0.76687,0.76697,1.00,1.50
2018.05.21 04:02:55.564,0.76687,0.76696,1.00,1.00
2018.05.21 04:02:56.086,0.76689,0.76697,1.00,1.00
2018.05.21 04:02:56.604,0.76689,0.76696,1.00,1.50
2018.05.21 04:02:58.918,0.76689,0.76697,1.00,1.50
2018.05.21 04:03:00.962,0.76687,0.76696,1.00,1.00
2018.05.21 04:03:01.485,0.76687,0.76695,1.00,1.00
2018.05.21 04:03:02.580,0.76687,0.76697,1.00,2.25
2018.05.21 04:03:02.833,0.76687,0.76695,1.00,1.00
2018.05.21 04:03:04.544,0.76684,0.76694,1.50,1.00
2018.05.21 04:03:05.808,0.76686,0.76694,1.00,1.00
2018.05.21 04:03:06.393,0.76688,0.76695,1.00,2.25
2018.05.21 04:03:09.632,0.76688,0.76696,1.00,1.50
2018.05.21 04:03:11.196,0.76688,0.76697,1.00,1.50
2018.05.21 04:03:12.287,0.7669,0.76698,1.00,2.25
2018.05.21 04:03:12.595,0.7669,0.76696,1.00,1.00
2018.05.21 04:03:16.471,0.76689,0.76696,1.00,1.00
2018.05.21 04:03:16.978,0.76688,0.76696,1.00,1.00
2018.05.21 04:03:17.869,0.76688,0.76695,1.00,1.00
2018.05.21 04:03:18.957,0.76688,0.76697,1.50,1.50
2018.05.21 04:03:19.116,0.76686,0.76694,2.25,1.00
2018.05.21 04:03:21.734,0.76685,0.76694,1.00,1.00
2018.05.21 04:03:22.258,0.76684,0.76694,2.25,1.00
2018.05.21 04:03:27.143,0.76686,0.76694,1.00,1.00
2018.05.21 04:03:27.871,0.76686,0.76695,1.00,1.00
2018.05.21 04:03:28.254,0.76684,0.76693,2.25,1.00
2018.05.21 04:03:28.509,0.76682,0.76692,1.00,1.00
2018.05.21 04:03:29.032,0.76682,0.76691,1.00,1.50
2018.05.21 04:03:31.087,0.76682,0.7669,1.00,1.00
2018.05.21 04:03:38.483,0.76682,0.76691,1.00,1.00
2018.05.21 04:03:38.737,0.76682,0.76689,1.00,1.00
2018.05.21 04:03:39.635,0.7668,0.76689,1.00,1.00
2018.05.21 04:03:41.042,0.76679,0.76689,1.50,1.00
2018.05.21 04:03:41.779,0.7668,0.76689,1.00,1.00
2018.05.21 04:03:44.470,0.76681,0.76689,1.00,1.00
2018.05.21 04:03:48.278,0.76681,0.7669,1.00,1.00
2018.05.21 04:03:49.143,0.76682,0.76692,1.00,1.50
2018.05.21 04:03:49.194,0.76682,0.7669,1.50,1.00
2018.05.21 04:03:49.513,0.7668,0.76688,1.00,1.50
2018.05.21 04:03:49.717,0.76678,0.76688,1.00,2.25
2018.05.21 04:03:50.307,0.76679,0.76688,1.00,2.25
2018.05.21 04:03:50.946,0.76678,0.76688,1.00,2.25
2018.05.21 04:03:52.400,0.76678,0.76687,1.00,1.00
2018.05.21 04:03:52.958,0.76679,0.76688,1.00,2.25
2018.05.21 04:03:53.163,0.76682,0.76691,1.00,1.00
2018.05.21 04:03:53.214,0.76683,0.76693,2.25,1.50
2018.05.21 04:03:53.659,0.76686,0.76694,1.00,1.00
2018.05.21 04:03:56.269,0.76684,0.76694,1.00,1.50
2018.05.21 04:03:56.320,0.76683,0.76692,3.00,1.00
2018.05.21 04:03:57.000,0.76683,0.76691,2.25,1.00
2018.05.21 04:03:59.122,0.76681,0.7669,1.50,1.00
2018.05.21 04:03:59.479,0.76685,0.76693,1.00,1.50
2018.05.21 04:04:00.135,0.76685,0.76694,1.00,1.00
2018.05.21 04:04:00.340,0.76678,0.76688,2.25,2.25
2018.05.21 04:04:00.391,0.76676,0.76687,2.25,2.25
2018.05.21 04:04:00.494,0.76675,0.76685,1.00,1.00
2018.05.21 04:04:01.288,0.76674,0.76685,2.25,1.00
2018.05.21 04:04:02.848,0.76674,0.76684,1.50,1.00
2018.05.21 04:04:03.651,0.76675,0.76684,1.00,1.00
2018.05.21 04:04:04.638,0.76674,0.76684,2.25,1.00
2018.05.21 04:04:11.018,0.76673,0.76684,1.50,1.00
2018.05.21 04:04:11.559,0.76673,0.76682,1.00,1.00
2018.05.21 04:04:12.068,0.76672,0.76682,1.50,1.00
2018.05.21 04:04:12.751,0.76672,0.76681,2.25,1.00
2018.05.21 04:04:13.058,0.76666,0.76676,1.50,1.00
2018.05.21 04:04:13.366,0.76665,0.76674,1.00,1.00
2018.05.21 04:04:13.487,0.76663,0.76674,1.50,1.50
2018.05.21 04:04:14.022,0.76662,0.76673,1.00,1.00
2018.05.21 04:04:14.178,0.76662,0.76671,1.00,1.00
2018.05.21 04:04:14.229,0.7666,0.76671,2.25,1.00
2018.05.21 04:04:15.175,0.7666,0.7667,1.00,1.00
2018.05.21 04:04:15.711,0.76659,0.7667,1.50,1.50
2018.05.21 04:04:16.213,0.7666,0.7667,1.00,1.00
2018.05.21 04:04:16.841,0.76659,0.7667,2.25,1.00
2018.05.21 04:04:21.126,0.76658,0.76669,3.00,1.50
2018.05.21 04:04:21.668,0.76658,0.76668,2.25,1.00
2018.05.21 04:04:22.866,0.76658,0.76669,1.50,1.50
2018.05.21 04:04:23.375,0.76658,0.7667,2.25,3.00
2018.05.21 04:04:23.935,0.76657,0.76668,3.75,1.00
2018.05.21 04:04:27.473,0.76658,0.76668,1.00,1.00
2018.05.21 04:04:28.109,0.76658,0.76669,1.50,1.50
2018.05.21 04:04:30.621,0.76657,0.76668,2.25,1.00
2018.05.21 04:04:30.927,0.7666,0.76669,2.10,1.50
2018.05.21 04:04:31.031,0.76662,0.76674,2.25,3.75
2018.05.21 04:04:31.564,0.76663,0.76674,1.50,2.25
2018.05.21 04:04:31.717,0.76665,0.76675,1.00,1.00
2018.05.21 04:04:32.028,0.76665,0.76677,3.00,2.25
2018.05.21 04:04:32.736,0.76666,0.76677,1.00,1.00
2018.05.21 04:04:33.616,0.76667,0.76677,1.00,1.50
2018.05.21 04:04:33.668,0.76668,0.76679,1.00,2.25
2018.05.21 04:04:33.772,0.76666,0.76678,2.25,3.37
2018.05.21 04:04:34.386,0.76666,0.76677,1.00,1.50
2018.05.21 04:04:34.808,0.76666,0.76673,1.00,1.00
2018.05.21 04:04:34.911,0.76664,0.76673,1.50,1.00
2018.05.21 04:04:35.166,0.76662,0.76673,2.25,1.00
2018.05.21 04:04:35.707,0.76663,0.76673,1.00,1.00
2018.05.21 04:04:38.656,0.76664,0.76673,1.00,1.00
2018.05.21 04:04:39.196,0.76663,0.76673,1.00,1.00
2018.05.21 04:04:40.564,0.76663,0.76674,1.00,2.25
2018.05.21 04:04:44.217,0.76664,0.76674,1.00,1.50
2018.05.21 04:04:44.269,0.76667,0.76676,1.50,1.00
2018.05.21 04:04:44.688,0.76668,0.76678,1.00,1.00
2018.05.21 04:04:47.764,0.76669,0.76679,1.50,2.25
2018.05.21 04:04:47.867,0.76671,0.76681,1.00,2.25
2018.05.21 04:04:48.395,0.76672,0.76681,1.00,1.00
2018.05.21 04:04:48.929,0.76671,0.76681,1.50,1.00
2018.05.21 04:04:49.997,0.76671,0.76682,1.50,2.25
2018.05.21 04:04:50.355,0.76671,0.7668,1.00,1.00
2018.05.21 04:04:50.937,0.76671,0.76681,1.00,1.50
2018.05.21 04:04:52.093,0.76671,0.76682,1.50,1.50
2018.05.21 04:04:55.570,0.76672,0.76682,1.00,1.50
2018.05.21 04:04:55.987,0.76673,0.76684,1.00,3.00
2018.05.21 04:04:56.038,0.76675,0.76686,1.00,3.75
2018.05.21 04:04:56.344,0.76675,0.76684,1.00,1.50
2018.05.21 04:04:56.879,0.76674,0.76684,1.50,1.00
2018.05.21 04:04:57.408,0.76675,0.76684,1.50,1.00
2018.05.21 04:04:59.570,0.76675,0.76685,1.00,1.00
2018.05.21 04:05:00.109,0.76676,0.76686,1.00,1.00
2018.05.21 04:05:00.659,0.76677,0.76687,1.50,1.00
2018.05.21 04:05:00.863,0.76679,0.7669,1.50,1.50
2018.05.21 04:05:00.914,0.76679,0.76688,1.00,1.50
2018.05.21 04:05:01.121,0.76679,0.7669,1.50,2.25
2018.05.21 04:05:01.229,0.76681,0.76692,1.00,1.00
2018.05.21 04:05:01.383,0.76682,0.76694,2.25,1.50
2018.05.21 04:05:01.909,0.76683,0.76694,1.00,1.00
2018.05.21 04:05:02.114,0.76685,0.76696,1.00,1.50
2018.05.21 04:05:03.414,0.76686,0.76697,1.50,2.62
2018.05.21 04:05:03.982,0.76686,0.76696,1.00,1.00
2018.05.21 04:05:04.512,0.76686,0.76697,1.50,1.87
2018.05.21 04:05:05.167,0.76685,0.76695,1.00,1.00
2018.05.21 04:05:05.679,0.76686,0.76696,1.00,1.00
2018.05.21 04:05:05.781,0.76684,0.76695,1.00,1.50
2018.05.21 04:05:06.508,0.76685,0.76695,1.50,1.00
2018.05.21 04:05:07.272,0.76685,0.76696,2.25,1.00
2018.05.21 04:05:07.812,0.76688,0.76697,1.00,1.00
2018.05.21 04:05:08.161,0.76685,0.76697,3.75,1.50
2018.05.21 04:05:08.282,0.76688,0.76697,1.00,1.00
2018.05.21 04:05:10.569,0.76686,0.76695,1.50,1.00
2018.05.21 04:05:10.870,0.76688,0.76695,1.00,1.00
2018.05.21 04:05:11.376,0.76688,0.76696,1.00,1.00
2018.05.21 04:05:11.875,0.76687,0.76693,1.00,1.00
2018.05.21 04:05:11.979,0.7669,0.767,1.00,1.50
2018.05.21 04:05:12.082,0.76692,0.76701,1.00,1.00
2018.05.21 04:05:12.388,0.76689,0.76697,1.00,1.50
2018.05.21 04:05:12.439,0.76687,0.76697,1.00,1.50
2018.05.21 04:05:12.540,0.76687,0.76694,1.00,1.00
2018.05.21 04:05:12.696,0.76683,0.76693,1.00,1.00
2018.05.21 04:05:12.915,0.76687,0.76692,1.00,1.00
2018.05.21 04:05:12.968,0.76685,0.76695,1.00,1.00
2018.05.21 04:05:13.388,0.76688,0.76697,1.00,1.50
2018.05.21 04:05:13.576,0.76686,0.76697,1.00,3.75
2018.05.21 04:05:13.882,0.76685,0.76695,1.50,1.00
2018.05.21 04:05:14.524,0.76684,0.76694,1.00,1.50
2018.05.21 04:05:14.726,0.76682,0.76693,1.50,2.25
2018.05.21 04:05:14.941,0.76681,0.7669,1.00,1.00
2018.05.21 04:05:14.992,0.76679,0.7669,1.50,1.00
2018.05.21 04:05:15.357,0.76682,0.76691,1.00,1.50
2018.05.21 04:05:15.522,0.76684,0.76694,2.25,1.00
2018.05.21 04:05:15.776,0.76682,0.76694,3.00,2.25
2018.05.21 04:05:16.210,0.76684,0.76695,1.00,4.50
2018.05.21 04:05:16.850,0.76684,0.76694,1.00,1.50
2018.05.21 04:05:17.208,0.76685,0.76696,1.00,3.75
2018.05.21 04:05:19.055,0.76684,0.76696,2.25,3.00
2018.05.21 04:05:19.108,0.76686,0.76696,1.00,1.00
2018.05.21 04:05:19.210,0.76684,0.76695,1.50,1.00
2018.05.21 04:05:19.312,0.76686,0.76696,1.00,1.00
2018.05.21 04:05:19.415,0.76684,0.76695,1.50,1.00
2018.05.21 04:05:19.927,0.76685,0.76696,1.50,1.00
2018.05.21 04:05:20.640,0.76684,0.76695,1.00,1.50
2018.05.21 04:05:20.691,0.76682,0.76693,1.50,1.00
2018.05.21 04:05:21.364,0.76683,0.76694,2.25,1.00
2018.05.21 04:05:21.871,0.76683,0.76695,2.25,1.50
2018.05.21 04:05:22.477,0.76683,0.76693,1.00,1.00
2018.05.21 04:05:22.528,0.76681,0.76692,1.50,1.00
2018.05.21 04:05:22.948,0.76683,0.76693,1.00,1.50
2018.05.21 04:05:23.150,0.76681,0.76692,2.25,1.00
2018.05.21 04:05:25.345,0.7668,0.76692,2.25,1.50
2018.05.21 04:05:27.526,0.76682,0.76692,1.00,1.50
2018.05.21 04:05:27.630,0.7668,0.76691,1.50,1.50
2018.05.21 04:05:27.784,0.76679,0.76689,1.00,1.00
2018.05.21 04:05:29.849,0.76678,0.76689,1.00,2.25
2018.05.21 04:05:30.381,0.76677,0.76688,3.75,1.00
2018.05.21 04:05:30.712,0.76677,0.76685,2.25,1.00
2018.05.21 04:05:31.088,0.76675,0.76683,3.00,1.00
2018.05.21 04:05:31.442,0.76675,0.7668,1.00,1.00
2018.05.21 04:05:31.580,0.76673,0.7668,1.00,1.00
2018.05.21 04:05:32.363,0.76673,0.76681,1.00,1.00
2018.05.21 04:05:32.919,0.76672,0.76681,2.25,1.00
2018.05.21 04:05:33.569,0.76672,0.7668,2.25,1.00
2018.05.21 04:05:33.806,0.7667,0.76677,1.50,1.00
2018.05.21 04:05:34.143,0.76669,0.76675,1.50,1.00
2018.05.21 04:05:35.328,0.7667,0.76675,1.00,1.00
2018.05.21 04:05:35.379,0.76671,0.76679,1.50,1.00
2018.05.21 04:05:35.893,0.76674,0.76684,1.00,1.00
2018.05.21 04:05:35.948,0.76675,0.76686,1.00,1.50
2018.05.21 04:05:36.000,0.76678,0.76687,1.00,1.00
2018.05.21 04:05:36.155,0.76676,0.76686,1.00,1.00
2018.05.21 04:05:36.267,0.76676,0.76683,1.00,1.00
2018.05.21 04:05:36.888,0.76677,0.76683,1.00,1.00
2018.05.21 04:05:37.593,0.76676,0.76683,1.00,1.00
2018.05.21 04:05:41.370,0.76677,0.76682,1.00,1.00
2018.05.21 04:05:41.421,0.76675,0.76682,1.00,1.00
2018.05.21 04:05:44.470,0.76673,0.76678,1.00,1.00
2018.05.21 04:05:44.814,0.76671,0.76678,1.50,1.00
2018.05.21 04:05:44.865,0.76673,0.76678,1.00,1.00
2018.05.21 04:05:45.766,0.76673,0.76677,1.00,1.00
2018.05.21 04:05:45.870,0.7667,0.76675,1.00,1.00
2018.05.21 04:05:46.387,0.76669,0.76674,2.25,1.00
2018.05.21 04:05:47.661,0.76669,0.76675,1.50,1.00
2018.05.21 04:05:48.195,0.76668,0.76674,1.00,1.00
2018.05.21 04:05:48.719,0.76669,0.76675,1.00,1.00
2018.05.21 04:05:50.960,0.76667,0.76673,1.50,1.00
2018.05.21 04:05:51.293,0.76672,0.7668,1.00,1.00
2018.05.21 04:05:51.546,0.76673,0.76682,1.50,1.00
2018.05.21 04:05:51.647,0.76674,0.76679,1.00,1.00
2018.05.21 04:05:52.188,0.76673,0.76679,1.00,1.00
2018.05.21 04:05:52.880,0.76672,0.76679,1.00,1.00
2018.05.21 04:05:57.076,0.76672,0.76677,1.00,1.00
2018.05.21 04:05:57.128,0.7667,0.76677,1.00,1.00
2018.05.21 04:05:57.674,0.7667,0.76676,1.00,1.00
2018.05.21 04:05:58.338,0.7667,0.76677,1.00,1.00
2018.05.21 04:05:58.390,0.76672,0.76679,1.00,1.00
2018.05.21 04:05:58.932,0.76671,0.76678,1.00,1.00
2018.05.21 04:05:59.584,0.76671,0.76677,1.00,1.00
2018.05.21 04:06:00.104,0.76671,0.76678,1.00,1.00
2018.05.21 04:06:00.660,0.76671,0.76677,1.00,1.00
2018.05.21 04:06:01.779,0.76671,0.76675,1.00,1.00
2018.05.21 04:06:02.313,0.76672,0.76676,1.00,1.00
2018.05.21 04:06:03.552,0.76672,0.76677,1.00,1.00
2018.05.21 04:06:05.313,0.76671,0.76677,1.00,1.00
2018.05.21 04:06:05.936,0.76671,0.76676,1.00,1.00
2018.05.21 04:06:06.442,0.76672,0.76677,1.00,1.00
2018.05.21 04:06:06.980,0.76671,0.76676,1.00,1.00
2018.05.21 04:06:08.277,0.76673,0.76677,1.00,1.00
2018.05.21 04:06:08.729,0.76674,0.76678,1.00,1.00
2018.05.21 04:06:08.933,0.76672,0.76677,1.00,1.00
2018.05.21 04:06:09.260,0.76672,0.76677,1.00,1.00
2018.05.21 04:06:09.568,0.76673,0.76681,1.00,1.00
2018.05.21 04:06:09.660,0.76677,0.76683,1.00,1.00
2018.05.21 04:06:09.915,0.76679,0.76686,1.00,1.00
2018.05.21 04:06:12.364,0.76679,0.76685,1.00,1.00
2018.05.21 04:06:12.925,0.76678,0.76684,1.00,1.00
2018.05.21 04:06:14.071,0.76677,0.76684,1.00,1.00
2018.05.21 04:06:14.878,0.76678,0.76684,1.00,1.00
2018.05.21 04:06:16.193,0.76677,0.76683,1.00,1.00
2018.05.21 04:06:18.810,0.76675,0.76681,1.50,1.00
2018.05.21 04:06:19.065,0.76677,0.76684,1.00,1.00
2018.05.21 04:06:19.117,0.76675,0.76683,2.25,1.00
2018.05.21 04:06:19.803,0.76676,0.76683,1.00,1.00
2018.05.21 04:06:20.675,0.76675,0.76683,2.25,1.00
2018.05.21 04:06:21.182,0.76676,0.76682,1.00,1.00
2018.05.21 04:06:22.222,0.76675,0.76682,1.00,1.00
2018.05.21 04:06:22.731,0.76675,0.76681,1.00,1.00
2018.05.21 04:06:23.243,0.76674,0.76681,2.25,1.00
2018.05.21 04:06:27.498,0.76674,0.76678,1.00,1.00
2018.05.21 04:06:27.600,0.76671,0.76678,1.00,1.00
2018.05.21 04:06:27.652,0.7667,0.76676,1.50,1.00
2018.05.21 04:06:27.967,0.76668,0.76673,1.00,1.00
2018.05.21 04:06:28.422,0.76668,0.76675,1.00,1.00
2018.05.21 04:06:28.642,0.76667,0.76673,1.50,1.00
2018.05.21 04:06:33.119,0.76666,0.76672,1.00,1.00
2018.05.21 04:06:33.636,0.76666,0.76673,1.00,1.00
2018.05.21 04:06:35.212,0.76667,0.76673,1.50,1.00
2018.05.21 04:06:35.518,0.76669,0.76674,1.50,1.00
2018.05.21 04:06:35.626,0.7667,0.76676,1.50,1.00
2018.05.21 04:06:36.136,0.76671,0.76677,1.00,1.00
2018.05.21 04:06:37.859,0.76671,0.76676,1.00,1.00
2018.05.21 04:06:37.961,0.76671,0.76677,1.00,1.00
2018.05.21 04:06:39.768,0.76671,0.76676,1.00,1.00
2018.05.21 04:06:42.097,0.7667,0.76675,1.00,1.00
2018.05.21 04:06:42.647,0.7667,0.76676,1.50,1.00
2018.05.21 04:06:44.546,0.7667,0.76675,1.50,1.00
2018.05.21 04:06:50.867,0.76669,0.76675,3.00,1.00
2018.05.21 04:06:52.059,0.7667,0.76675,1.00,1.00
2018.05.21 04:06:54.418,0.76669,0.76675,3.00,1.00
2018.05.21 04:06:56.609,0.7667,0.76675,1.00,1.00
2018.05.21 04:06:57.144,0.76671,0.76675,1.00,1.00
2018.05.21 04:06:57.689,0.7667,0.76675,2.25,1.00
2018.05.21 04:06:59.096,0.76671,0.76675,1.00,1.00
2018.05.21 04:06:59.250,0.76672,0.76677,1.50,1.00
2018.05.21 04:06:59.875,0.76672,0.76678,1.50,1.00
2018.05.21 04:07:00.403,0.76673,0.76678,1.00,1.00
2018.05.21 04:07:01.077,0.76672,0.76678,1.00,1.00
2018.05.21 04:07:01.936,0.76672,0.76677,1.50,1.00
2018.05.21 04:07:03.388,0.76672,0.76678,1.50,1.00
2018.05.21 04:07:04.287,0.76672,0.76677,1.50,1.00
2018.05.21 04:07:04.841,0.76672,0.76678,1.50,1.00
2018.05.21 04:07:06.614,0.76671,0.76678,1.50,1.00
2018.05.21 04:07:07.138,0.76672,0.76678,1.00,1.00
2018.05.21 04:07:09.393,0.76672,0.76679,1.00,1.00
2018.05.21 04:07:10.110,0.76672,0.76678,1.00,1.00
2018.05.21 04:07:12.350,0.76672,0.76679,1.00,1.00
2018.05.21 04:07:12.944,0.76672,0.76678,1.00,1.00
2018.05.21 04:07:20.937,0.76672,0.76677,1.00,1.00
2018.05.21 04:07:24.127,0.76671,0.76677,1.50,1.00
2018.05.21 04:07:25.211,0.76671,0.76678,1.50,1.00
2018.05.21 04:07:27.291,0.76672,0.76678,1.00,1.00
2018.05.21 04:07:28.530,0.76673,0.76678,1.00,1.00
2018.05.21 04:07:29.304,0.76672,0.76677,1.00,1.00
2018.05.21 04:07:33.788,0.76671,0.76677,2.25,1.00
2018.05.21 04:07:35.213,0.76671,0.76678,1.50,1.00
2018.05.21 04:07:48.859,0.76672,0.76678,1.00,1.00
2018.05.21 04:07:49.386,0.76671,0.76678,1.00,1.00
2018.05.21 04:07:55.743,0.76672,0.76679,1.00,1.00
2018.05.21 04:07:56.480,0.76671,0.76678,1.00,1.00
2018.05.21 04:07:57.080,0.76671,0.76679,1.00,1.00
2018.05.21 04:07:58.012,0.76671,0.76678,1.00,1.00
2018.05.21 04:07:58.115,0.7667,0.76676,1.00,1.00
2018.05.21 04:07:58.166,0.76668,0.76676,3.75,1.00
2018.05.21 04:07:59.008,0.7667,0.76677,1.00,1.00
2018.05.21 04:08:00.382,0.7667,0.76676,1.00,1.00
2018.05.21 04:08:00.536,0.76668,0.76675,1.50,1.00
2018.05.21 04:08:01.160,0.76668,0.76674,1.50,1.00
2018.05.21 04:08:01.936,0.76668,0.76675,1.50,1.00
2018.05.21 04:08:02.525,0.7667,0.76676,1.00,1.00
2018.05.21 04:08:03.057,0.7667,0.76677,1.00,1.00
2018.05.21 04:08:06.546,0.7667,0.76676,1.00,1.00
2018.05.21 04:08:06.597,0.76668,0.76675,1.00,1.00
2018.05.21 04:08:11.645,0.76668,0.76674,1.00,1.00
2018.05.21 04:08:12.279,0.76668,0.76675,1.00,1.00
2018.05.21 04:08:13.545,0.76669,0.76675,1.00,1.00
2018.05.21 04:08:14.063,0.76668,0.76675,1.00,1.00
2018.05.21 04:08:15.898,0.76669,0.76675,1.00,1.00
2018.05.21 04:08:16.433,0.76668,0.76675,1.00,1.00
2018.05.21 04:08:16.947,0.76668,0.76674,1.00,1.00
2018.05.21 04:08:20.960,0.76668,0.76675,1.00,1.00
2018.05.21 04:08:23.461,0.76668,0.76674,1.00,1.00
2018.05.21 04:08:25.495,0.76668,0.76675,1.00,1.50
2018.05.21 04:08:29.307,0.76669,0.76675,1.00,1.00
2018.05.21 04:08:29.820,0.76668,0.76675,1.00,1.00
2018.05.21 04:08:30.506,0.76668,0.76674,1.00,1.00
2018.05.21 04:08:34.348,0.76667,0.76673,1.00,1.00
2018.05.21 04:08:34.948,0.76667,0.76674,1.00,1.50
2018.05.21 04:08:40.711,0.76666,0.76673,1.00,1.00
2018.05.21 04:08:40.814,0.76665,0.76671,1.00,1.00
2018.05.21 04:08:41.224,0.76664,0.76669,1.00,1.00
2018.05.21 04:08:41.725,0.76663,0.76669,1.50,1.00
2018.05.21 04:08:42.361,0.76663,0.76668,1.00,1.00
2018.05.21 04:08:42.571,0.76663,0.7667,1.00,1.50
2018.05.21 04:08:43.300,0.76664,0.7667,1.00,1.50
2018.05.21 04:08:43.564,0.76664,0.76668,1.00,1.00
2018.05.21 04:08:43.667,0.76666,0.76672,1.00,1.00
2018.05.21 04:08:44.326,0.76666,0.76673,1.00,1.00
2018.05.21 04:08:44.862,0.76667,0.76674,1.00,1.00
2018.05.21 04:08:45.422,0.76667,0.76675,1.00,1.50
2018.05.21 04:08:46.080,0.76667,0.76674,1.00,1.00
2018.05.21 04:08:46.936,0.76667,0.76675,1.00,1.50
2018.05.21 04:08:54.156,0.76665,0.76672,1.00,1.00
2018.05.21 04:08:54.461,0.76667,0.76673,1.00,1.00
2018.05.21 04:08:55.545,0.76667,0.76674,1.00,1.50
2018.05.21 04:08:56.891,0.76664,0.76671,1.50,1.00
2018.05.21 04:08:57.543,0.76665,0.76671,1.00,1.00
2018.05.21 04:08:57.797,0.76666,0.76673,1.00,1.00
2018.05.21 04:08:58.340,0.76667,0.76674,1.00,1.50
2018.05.21 04:08:59.547,0.76667,0.76673,1.00,1.00
2018.05.21 04:09:00.482,0.76665,0.76671,1.50,1.00
2018.05.21 04:09:02.045,0.76664,0.76671,1.00,1.00
2018.05.21 04:09:03.950,0.76666,0.76672,1.00,1.00
2018.05.21 04:09:04.460,0.76665,0.76672,1.00,1.50
2018.05.21 04:09:05.097,0.76665,0.76671,1.00,1.00
2018.05.21 04:09:05.604,0.76664,0.76671,1.00,1.00
2018.05.21 04:09:07.843,0.76665,0.76671,1.00,1.00
2018.05.21 04:09:09.963,0.76665,0.76672,1.00,1.50
2018.05.21 04:09:10.539,0.76666,0.76672,1.00,1.00
2018.05.21 04:09:16.524,0.76664,0.76671,1.50,1.00
2018.05.21 04:09:17.159,0.76665,0.76672,1.12,1.00
2018.05.21 04:09:18.437,0.76666,0.76672,1.00,1.00
2018.05.21 04:09:18.561,0.76665,0.7667,1.12,1.00
2018.05.21 04:09:18.615,0.76663,0.76667,1.00,1.00
2018.05.21 04:09:18.669,0.76661,0.76666,1.00,1.00
2018.05.21 04:09:18.822,0.76658,0.76665,1.50,1.00
2018.05.21 04:09:20.937,0.76658,0.76664,1.00,1.00
2018.05.21 04:09:21.334,0.76659,0.76666,1.50,1.50
2018.05.21 04:09:21.840,0.76659,0.76665,1.00,1.00
2018.05.21 04:09:25.547,0.76659,0.76666,1.00,1.00
2018.05.21 04:09:31.388,0.76659,0.76665,1.00,1.00
2018.05.21 04:09:35.379,0.76659,0.76664,1.00,1.00
2018.05.21 04:09:39.397,0.76658,0.76664,2.25,1.50
2018.05.21 04:09:40.447,0.76658,0.76663,1.50,1.00
2018.05.21 04:09:40.584,0.76655,0.76661,1.50,1.50
2018.05.21 04:09:40.991,0.76654,0.76659,1.00,1.00
2018.05.21 04:09:44.386,0.76654,0.76661,1.00,1.50
2018.05.21 04:09:44.938,0.76654,0.7666,1.00,1.00
2018.05.21 04:09:48.542,0.76655,0.7666,1.00,1.00
2018.05.21 04:09:50.943,0.76655,0.76661,1.00,1.00
2018.05.21 04:09:53.084,0.76655,0.76662,1.12,1.00
2018.05.21 04:09:53.605,0.76655,0.76662,1.37,1.00
2018.05.21 04:09:58.290,0.76659,0.76663,1.00,1.00
2018.05.21 04:09:58.341,0.7666,0.76665,2.25,1.00
2018.05.21 04:09:58.393,0.76662,0.76667,1.00,1.00
2018.05.21 04:09:58.995,0.76662,0.76668,1.00,1.00
2018.05.21 04:09:59.844,0.76663,0.76669,1.12,1.00
2018.05.21 04:10:00.498,0.76663,0.7667,1.12,1.00
2018.05.21 04:10:02.950,0.76664,0.7667,1.00,1.00
2018.05.21 04:10:03.468,0.76663,0.7667,1.50,1.00
2018.05.21 04:10:08.748,0.76662,0.7667,1.00,1.00
2018.05.21 04:10:09.258,0.76661,0.7667,3.00,1.50
2018.05.21 04:10:14.547,0.76662,0.7667,1.00,1.00
2018.05.21 04:10:15.450,0.76663,0.7667,1.00,1.00
2018.05.21 04:10:19.236,0.76662,0.7667,1.00,1.00
2018.05.21 04:10:21.051,0.76661,0.7667,5.25,1.00
2018.05.21 04:10:21.655,0.76662,0.76669,1.00,1.00
2018.05.21 04:10:22.215,0.76662,0.7667,1.00,1.00
2018.05.21 04:10:22.716,0.76661,0.7667,5.25,1.00
2018.05.21 04:10:23.974,0.76661,0.76669,3.00,1.00
2018.05.21 04:10:27.622,0.76661,0.7667,3.00,1.00
2018.05.21 04:10:28.972,0.76662,0.7667,1.00,1.00
2018.05.21 04:10:30.757,0.76663,0.7667,1.00,1.00
2018.05.21 04:10:34.328,0.76662,0.7667,1.00,1.00
2018.05.21 04:10:35.937,0.76662,0.76669,1.00,1.00
2018.05.21 04:10:38.899,0.76661,0.76669,3.60,1.00
2018.05.21 04:10:41.531,0.76663,0.76673,1.00,2.25
2018.05.21 04:10:41.633,0.76665,0.76673,1.00,1.00
2018.05.21 04:10:41.942,0.76667,0.76674,1.00,1.00
2018.05.21 04:10:46.421,0.76667,0.76675,2.62,1.00
2018.05.21 04:10:47.747,0.76667,0.76674,1.50,1.00
2018.05.21 04:10:48.433,0.76667,0.76673,1.00,1.00
2018.05.21 04:10:51.345,0.76667,0.76672,1.00,1.00
2018.05.21 04:10:51.396,0.76665,0.76672,1.50,1.00
2018.05.21 04:10:52.064,0.76664,0.76671,1.00,1.00
2018.05.21 04:10:56.105,0.76665,0.76671,1.00,1.00
2018.05.21 04:10:56.589,0.76667,0.76671,1.00,1.00
2018.05.21 04:10:56.896,0.76667,0.76673,1.00,1.00
2018.05.21 04:10:59.548,0.76667,0.76674,1.00,1.00
2018.05.21 04:11:00.152,0.76668,0.76674,1.00,1.00
2018.05.21 04:11:00.662,0.76667,0.76674,1.00,1.00
2018.05.21 04:11:01.297,0.76668,0.76674,1.00,1.00
2018.05.21 04:11:01.788,0.76669,0.76676,1.00,1.00
2018.05.21 04:11:01.993,0.76671,0.76677,1.00,1.00
2018.05.21 04:11:02.314,0.76673,0.76678,1.00,1.00
2018.05.21 04:11:02.954,0.76673,0.76679,1.00,1.00
2018.05.21 04:11:12.052,0.76673,0.7668,1.12,1.00
2018.05.21 04:11:12.562,0.76674,0.7668,1.00,1.00
2018.05.21 04:11:13.494,0.76675,0.76681,1.00,1.00
2018.05.21 04:11:14.028,0.76676,0.76681,1.00,1.00
2018.05.21 04:11:15.361,0.76677,0.76682,1.00,1.00
2018.05.21 04:11:15.896,0.76676,0.76682,1.00,1.00
2018.05.21 04:11:16.506,0.76677,0.76682,1.00,1.00
2018.05.21 04:11:17.009,0.76679,0.76683,1.00,1.00
2018.05.21 04:11:17.550,0.76679,0.76684,1.00,1.00
2018.05.21 04:11:20.976,0.76679,0.76683,1.00,1.00
2018.05.21 04:11:24.210,0.76677,0.76681,1.00,1.00
2018.05.21 04:11:24.748,0.76676,0.76681,1.00,1.00
2018.05.21 04:11:27.828,0.76678,0.76684,1.00,1.00
2018.05.21 04:11:28.470,0.76679,0.76684,1.00,1.00
2018.05.21 04:11:36.916,0.76679,0.76686,1.00,1.00
2018.05.21 04:11:37.458,0.7668,0.76686,1.00,1.00
2018.05.21 04:11:37.962,0.7668,0.76685,1.00,1.00
2018.05.21 04:11:38.653,0.76679,0.76686,3.75,1.00
2018.05.21 04:11:40.239,0.7668,0.76686,1.00,1.00
2018.05.21 04:11:49.290,0.76681,0.76687,1.00,1.00
2018.05.21 04:11:50.446,0.76682,0.76687,1.00,1.00
2018.05.21 04:11:54.626,0.76683,0.76688,1.00,1.00
2018.05.21 04:11:55.546,0.76683,0.76689,1.00,1.00
2018.05.21 04:11:55.953,0.76685,0.76691,1.00,1.00
2018.05.21 04:11:56.313,0.76683,0.7669,1.00,1.00
2018.05.21 04:11:56.910,0.76684,0.7669,1.00,1.00
2018.05.21 04:12:00.363,0.76683,0.7669,1.00,1.00
2018.05.21 04:12:00.915,0.76682,0.76689,2.25,1.00
2018.05.21 04:12:01.468,0.76682,0.76688,1.50,1.00
2018.05.21 04:12:06.912,0.76682,0.76687,1.00,1.00
2018.05.21 04:12:07.065,0.7668,0.76685,1.00,1.00
2018.05.21 04:12:07.607,0.7668,0.76686,1.00,1.00
2018.05.21 04:12:08.628,0.76679,0.76685,1.50,1.00
2018.05.21 04:12:08.848,0.76677,0.76684,2.25,1.00
2018.05.21 04:12:08.902,0.76677,0.76682,1.00,1.00
2018.05.21 04:12:09.448,0.76676,0.76682,1.00,1.00
2018.05.21 04:12:10.091,0.76675,0.76682,1.00,1.00
2018.05.21 04:12:15.998,0.76676,0.76682,1.00,1.00
2018.05.21 04:12:16.944,0.76676,0.76681,1.00,1.00
2018.05.21 04:12:17.743,0.76675,0.76681,1.00,1.00
2018.05.21 04:12:18.331,0.76676,0.76681,1.00,1.00
2018.05.21 04:12:18.988,0.76675,0.76681,1.00,1.00
2018.05.21 04:12:22.371,0.76677,0.76682,1.00,1.00
2018.05.21 04:12:22.858,0.76677,0.76684,1.00,1.00
2018.05.21 04:12:23.397,0.76678,0.76684,1.00,1.00
2018.05.21 04:12:25.241,0.76677,0.76683,1.00,1.00
2018.05.21 04:12:25.394,0.76676,0.76681,1.00,1.00
2018.05.21 04:12:25.980,0.76675,0.76681,1.00,1.00
2018.05.21 04:12:42.907,0.76674,0.76681,1.50,1.00
2018.05.21 04:12:46.976,0.76674,0.7668,1.00,1.00
2018.05.21 04:12:48.218,0.76675,0.76681,1.00,1.00
2018.05.21 04:12:53.414,0.76674,0.76681,1.00,1.00
2018.05.21 04:13:00.057,0.76674,0.76682,1.00,1.00
2018.05.21 04:13:00.365,0.76676,0.76683,1.00,1.00
2018.05.21 04:13:00.682,0.76673,0.76679,1.00,1.00
2018.05.21 04:13:01.218,0.76673,0.7668,1.00,1.00
2018.05.21 04:13:01.645,0.76671,0.76676,1.00,1.00
2018.05.21 04:13:01.696,0.76669,0.76675,1.00,1.00
2018.05.21 04:13:02.241,0.7667,0.76675,1.00,1.00
2018.05.21 04:13:04.012,0.76669,0.76675,1.00,1.00
2018.05.21 04:13:04.840,0.76669,0.76676,1.00,1.00
2018.05.21 04:13:05.937,0.76669,0.76675,1.00,1.00
2018.05.21 04:13:06.488,0.76669,0.76674,1.00,1.00
2018.05.21 04:13:07.153,0.76669,0.76675,1.00,1.00
2018.05.21 04:13:08.612,0.76669,0.76676,1.00,1.00
2018.05.21 04:13:09.131,0.7667,0.76676,1.00,1.00
2018.05.21 04:13:09.802,0.76669,0.76675,1.00,1.00
2018.05.21 04:13:11.138,0.7667,0.76676,1.00,1.00
2018.05.21 04:13:11.647,0.7667,0.76677,1.50,1.00
2018.05.21 04:13:11.902,0.76672,0.76677,1.00,1.00
2018.05.21 04:13:13.372,0.76672,0.76676,1.00,1.00
2018.05.21 04:13:13.761,0.7667,0.76674,1.00,1.00
2018.05.21 04:13:14.753,0.7667,0.76674,1.00,1.00
2018.05.21 04:13:19.275,0.76669,0.76673,1.00,1.00
2018.05.21 04:13:19.327,0.76668,0.76673,1.00,1.00
2018.05.21 04:13:20.938,0.76668,0.76674,1.00,1.00
2018.05.21 04:13:25.082,0.7667,0.76675,1.00,1.00
2018.05.21 04:13:27.421,0.76668,0.76675,1.00,1.00
2018.05.21 04:13:28.231,0.76668,0.76676,1.00,1.00
2018.05.21 04:13:28.775,0.76669,0.76677,2.25,1.00
2018.05.21 04:13:33.010,0.7667,0.76678,1.00,1.00
2018.05.21 04:13:33.574,0.76671,0.76678,1.50,1.00
2018.05.21 04:13:37.243,0.76671,0.76679,1.50,1.00
2018.05.21 04:13:37.395,0.76672,0.76677,1.00,1.00
2018.05.21 04:13:37.446,0.7667,0.76677,1.50,1.00
2018.05.21 04:13:40.639,0.7667,0.76678,2.25,1.00
2018.05.21 04:13:44.438,0.76672,0.76678,1.00,1.00
2018.05.21 04:13:58.642,0.76672,0.76679,1.50,1.00
2018.05.21 04:13:58.957,0.76673,0.76681,1.00,1.00
2018.05.21 04:13:59.458,0.76674,0.76681,1.00,1.00
2018.05.21 04:14:00.050,0.76673,0.76681,3.00,1.00
2018.05.21 04:14:00.724,0.76674,0.76681,1.00,1.00
2018.05.21 04:14:05.303,0.76673,0.76681,1.50,1.00
2018.05.21 04:14:08.643,0.76673,0.76682,3.75,1.00
2018.05.21 04:14:08.695,0.76676,0.76683,1.00,1.00
2018.05.21 04:14:09.262,0.76676,0.76682,1.00,1.00
2018.05.21 04:14:10.593,0.76676,0.76681,1.00,1.00
2018.05.21 04:14:14.548,0.76676,0.76683,1.00,1.00
2018.05.21 04:14:15.399,0.76675,0.76683,1.00,1.00
2018.05.21 04:14:16.542,0.76676,0.76683,1.00,1.00
2018.05.21 04:14:17.050,0.76676,0.76682,1.00,1.00
2018.05.21 04:14:17.566,0.76676,0.76683,1.00,1.00
2018.05.21 04:14:18.408,0.76677,0.76684,1.50,1.00
2018.05.21 04:14:20.944,0.76677,0.76683,1.00,1.00
2018.05.21 04:14:21.501,0.76677,0.76684,1.50,1.00
2018.05.21 04:14:22.182,0.76678,0.76684,1.00,1.00
2018.05.21 04:14:39.284,0.76677,0.76684,1.50,1.00
2018.05.21 04:14:46.168,0.76677,0.76683,1.00,1.00
2018.05.21 04:14:46.547,0.76675,0.76683,1.50,1.00
2018.05.21 04:14:47.867,0.76676,0.76683,1.00,1.00
2018.05.21 04:14:47.918,0.76678,0.76683,1.00,1.00
2018.05.21 04:14:49.296,0.76678,0.76682,1.00,1.00
2018.05.21 04:14:50.415,0.76678,0.76683,1.00,1.00
2018.05.21 04:14:50.920,0.76678,0.76684,1.00,1.00
2018.05.21 04:14:55.403,0.76679,0.76684,1.00,1.00
2018.05.21 04:14:55.911,0.76679,0.76685,1.50,1.00
2018.05.21 04:14:56.425,0.7668,0.76685,1.00,1.00
2018.05.21 04:14:56.949,0.76679,0.76684,1.50,1.00
2018.05.21 04:14:57.608,0.76679,0.76685,1.50,1.00
2018.05.21 04:15:03.710,0.76678,0.76682,1.00,1.00
2018.05.21 04:15:03.761,0.76677,0.76682,1.00,1.00
2018.05.21 04:15:04.302,0.76676,0.76683,1.00,1.00
2018.05.21 04:15:04.451,0.76678,0.76685,1.00,1.00
2018.05.21 04:15:04.809,0.76681,0.76686,1.00,1.00
2018.05.21 04:15:05.937,0.76681,0.76687,1.00,1.00
2018.05.21 04:15:06.718,0.7668,0.76687,1.00,1.00
2018.05.21 04:15:07.518,0.76681,0.76686,1.00,1.00
2018.05.21 04:15:08.080,0.7668,0.76685,1.00,1.00
2018.05.21 04:15:09.330,0.7668,0.76686,1.00,1.00
2018.05.21 04:15:09.837,0.76681,0.76685,1.00,1.00
2018.05.21 04:15:10.869,0.7668,0.76684,1.00,1.00
2018.05.21 04:15:11.479,0.76681,0.76685,1.00,1.00
2018.05.21 04:15:16.937,0.76681,0.76686,1.00,1.00
2018.05.21 04:15:17.962,0.76681,0.76685,1.00,1.00
2018.05.21 04:15:18.064,0.76679,0.76684,1.00,1.00
2018.05.21 04:15:19.286,0.76679,0.76685,1.00,1.00
2018.05.21 04:15:19.597,0.76682,0.76686,1.00,1.00
2018.05.21 04:15:20.138,0.76681,0.76686,1.00,1.00
2018.05.21 04:15:20.771,0.76681,0.76685,1.00,1.00
2018.05.21 04:15:22.186,0.76681,0.76686,1.00,1.00
2018.05.21 04:15:22.701,0.76681,0.76685,1.00,1.00
2018.05.21 04:15:23.257,0.7668,0.76685,1.00,1.00
2018.05.21 04:15:25.849,0.7668,0.76684,1.00,1.00
2018.05.21 04:15:26.416,0.7668,0.76685,1.00,1.00
2018.05.21 04:15:26.976,0.7668,0.76686,1.00,1.00
2018.05.21 04:15:28.827,0.7668,0.76685,1.00,1.00
2018.05.21 04:15:40.178,0.76681,0.76685,1.00,1.00
2018.05.21 04:15:41.996,0.76681,0.76686,1.00,1.00
2018.05.21 04:15:44.547,0.76681,0.76687,1.00,1.00
2018.05.21 04:15:45.281,0.76681,0.76686,1.00,1.00
2018.05.21 04:15:45.929,0.76681,0.76687,1.00,1.00
2018.05.21 04:16:03.404,0.76681,0.76686,1.00,1.00
2018.05.21 04:16:04.018,0.76681,0.76687,1.00,1.00
2018.05.21 04:16:05.937,0.76681,0.76686,1.00,1.00
2018.05.21 04:16:27.904,0.76681,0.76687,1.00,1.00
2018.05.21 04:16:28.933,0.76681,0.76686,1.00,1.00
2018.05.21 04:16:29.649,0.76681,0.76687,1.00,1.00
2018.05.21 04:16:30.713,0.76681,0.76686,1.00,1.00
2018.05.21 04:16:31.283,0.76681,0.76687,1.00,1.00
2018.05.21 04:16:31.884,0.76681,0.76686,1.00,1.00
2018.05.21 04:16:40.217,0.76678,0.76686,1.50,1.00
2018.05.21 04:16:50.960,0.7668,0.76684,1.00,1.00
2018.05.21 04:16:51.785,0.7668,0.76685,1.00,1.00
2018.05.21 04:16:55.465,0.7668,0.76684,1.00,1.00
2018.05.21 04:16:55.977,0.7668,0.76685,1.00,1.00
2018.05.21 04:16:56.760,0.76681,0.76685,1.00,1.00
2018.05.21 04:17:00.311,0.7668,0.76687,1.00,1.00
2018.05.21 04:17:00.986,0.76681,0.76686,1.00,1.00
2018.05.21 04:17:03.694,0.76681,0.76687,1.00,1.00
2018.05.21 04:17:03.754,0.76684,0.76691,1.00,1.00
2018.05.21 04:17:03.806,0.76687,0.76695,2.25,1.00
2018.05.21 04:17:03.908,0.7669,0.76696,1.00,1.00
2018.05.21 04:17:04.688,0.76691,0.76697,1.00,1.00
2018.05.21 04:17:05.937,0.76691,0.76698,1.00,1.00
2018.05.21 04:17:09.188,0.76691,0.76697,1.00,1.00
2018.05.21 04:17:09.598,0.7669,0.76695,1.00,1.00
2018.05.21 04:17:11.430,0.76688,0.76695,1.00,1.00
2018.05.21 04:17:12.736,0.76688,0.76694,1.00,1.00
2018.05.21 04:17:14.626,0.76687,0.76693,1.00,1.00
2018.05.21 04:17:15.017,0.76685,0.76692,1.50,1.00
2018.05.21 04:17:15.584,0.76685,0.76693,1.50,1.00
2018.05.21 04:17:16.957,0.76685,0.76692,1.50,1.00
2018.05.21 04:17:17.510,0.76686,0.76692,1.00,1.00
2018.05.21 04:17:18.564,0.76685,0.76692,1.00,1.00
2018.05.21 04:17:25.548,0.76685,0.76691,1.00,1.00
2018.05.21 04:17:31.937,0.76685,0.76692,1.00,1.00
2018.05.21 04:17:33.812,0.76684,0.76692,1.87,1.00
2018.05.21 04:17:36.546,0.76683,0.76689,1.00,1.00
2018.05.21 04:17:36.649,0.76681,0.76689,4.72,1.00
2018.05.21 04:17:37.158,0.76681,0.76688,2.10,1.00
2018.05.21 04:17:38.925,0.76682,0.76689,1.00,1.00
2018.05.21 04:17:39.457,0.76682,0.7669,1.50,1.00
2018.05.21 04:17:42.585,0.76683,0.7669,1.00,1.00
2018.05.21 04:17:48.326,0.76683,0.76689,1.00,1.00
2018.05.21 04:17:49.382,0.76683,0.7669,1.50,1.00
2018.05.21 04:17:53.143,0.76683,0.76689,1.50,1.00
2018.05.21 04:17:53.771,0.76683,0.7669,1.35,1.00
2018.05.21 04:18:00.276,0.76683,0.76689,1.50,1.00
2018.05.21 04:18:01.234,0.76683,0.7669,1.50,1.00
2018.05.21 04:18:04.149,0.76684,0.7669,1.00,1.00
2018.05.21 04:18:07.948,0.76684,0.76689,1.50,1.00
2018.05.21 04:18:07.999,0.76682,0.76688,2.10,1.00
2018.05.21 04:18:08.272,0.76683,0.7669,1.00,1.00
2018.05.21 04:18:10.547,0.76683,0.76689,1.50,1.00
2018.05.21 04:18:13.196,0.76683,0.7669,1.50,1.00
2018.05.21 04:18:13.403,0.76685,0.76691,1.00,1.00
2018.05.21 04:18:20.188,0.76684,0.76691,1.00,1.00
2018.05.21 04:18:25.187,0.76683,0.76691,1.50,1.00
2018.05.21 04:18:28.278,0.76684,0.76691,1.00,1.00
2018.05.21 04:18:28.329,0.76685,0.76693,1.50,1.00
2018.05.21 04:18:28.473,0.76687,0.76693,1.00,1.00
2018.05.21 04:18:28.575,0.76685,0.76692,1.00,1.00
2018.05.21 04:18:28.834,0.76684,0.76689,1.00,1.00
2018.05.21 04:18:28.988,0.76682,0.76689,1.50,1.00
2018.05.21 04:18:29.226,0.7668,0.76688,2.25,1.00
2018.05.21 04:18:29.277,0.7668,0.76684,1.00,1.00
2018.05.21 04:18:29.328,0.76677,0.76683,1.50,1.00
2018.05.21 04:18:29.784,0.76675,0.76683,1.50,1.00
2018.05.21 04:18:32.156,0.76676,0.76683,1.00,1.00
2018.05.21 04:18:32.664,0.76677,0.76683,1.00,1.00
2018.05.21 04:18:33.179,0.76676,0.76682,1.00,1.00
2018.05.21 04:18:33.899,0.76677,0.76682,1.00,1.00
2018.05.21 04:18:34.449,0.76675,0.76682,1.00,1.00
2018.05.21 04:18:35.939,0.76675,0.76681,1.00,1.00
2018.05.21 04:18:45.908,0.76675,0.7668,1.00,1.00
2018.05.21 04:18:46.163,0.76673,0.7668,1.00,1.00
2018.05.21 04:18:46.714,0.76674,0.7668,1.00,1.00
2018.05.21 04:18:47.249,0.76676,0.76682,1.00,1.00
2018.05.21 04:18:48.173,0.76675,0.76681,1.00,1.00
2018.05.21 04:18:48.685,0.76675,0.76682,1.00,1.00
2018.05.21 04:18:49.314,0.76676,0.76682,1.00,1.00
2018.05.21 04:18:49.817,0.76676,0.76683,1.50,1.00
2018.05.21 04:18:50.346,0.76676,0.76684,1.50,1.00
2018.05.21 04:18:50.937,0.76677,0.76683,1.50,1.00
2018.05.21 04:18:54.357,0.76678,0.76684,1.00,1.00
2018.05.21 04:18:54.866,0.76677,0.76683,1.50,1.00
2018.05.21 04:18:55.874,0.76676,0.76683,1.50,1.00
2018.05.21 04:18:56.186,0.76678,0.76684,1.00,1.00
2018.05.21 04:19:00.117,0.76677,0.76684,1.00,1.00
2018.05.21 04:19:01.936,0.76678,0.76684,1.00,1.00
2018.05.21 04:19:05.948,0.76678,0.76685,1.00,1.00
2018.05.21 04:19:07.856,0.76678,0.76689,1.00,3.00
2018.05.21 04:19:08.366,0.76677,0.76688,1.50,1.00
2018.05.21 04:19:09.069,0.76677,0.76689,2.25,1.50
2018.05.21 04:19:12.449,0.76678,0.76689,1.00,1.50
2018.05.21 04:19:16.668,0.76679,0.76689,1.00,1.00
2018.05.21 04:19:19.532,0.76677,0.76689,1.50,2.25
2018.05.21 04:19:19.584,0.76677,0.76687,1.00,1.00
2018.05.21 04:19:20.128,0.76676,0.76688,3.75,2.25
2018.05.21 04:19:20.751,0.76678,0.76688,1.00,1.00
2018.05.21 04:19:22.237,0.76678,0.76689,1.00,2.25
2018.05.21 04:19:27.330,0.76679,0.76689,1.00,1.00
2018.05.21 04:19:29.913,0.76679,0.7669,1.50,3.00
2018.05.21 04:19:33.940,0.76679,0.76689,1.00,1.00
2018.05.21 04:19:34.730,0.76678,0.76689,1.50,1.50
2018.05.21 04:19:37.819,0.7668,0.7669,1.50,1.50
2018.05.21 04:19:38.122,0.76683,0.76692,1.50,1.00
2018.05.21 04:19:38.377,0.76685,0.76695,1.50,1.50
2018.05.21 04:19:38.901,0.76686,0.76696,1.50,1.00
2018.05.21 04:19:39.013,0.76684,0.76693,1.00,1.00
2018.05.21 04:19:39.329,0.76682,0.76693,2.25,1.00
2018.05.21 04:19:43.779,0.76683,0.76692,1.00,1.00
2018.05.21 04:19:47.091,0.76683,0.76691,1.00,1.00
2018.05.21 04:19:47.406,0.76682,0.76689,1.00,1.00
2018.05.21 04:19:47.457,0.7668,0.76689,1.00,1.00
2018.05.21 04:19:48.402,0.7668,0.7669,1.00,2.25
2018.05.21 04:19:49.013,0.7668,0.76689,1.00,1.00
2018.05.21 04:19:50.165,0.7668,0.76691,1.00,1.50
2018.05.21 04:19:50.712,0.76681,0.76691,1.00,1.00
2018.05.21 04:19:53.684,0.76681,0.76692,1.00,3.75
2018.05.21 04:19:53.735,0.76683,0.76692,1.00,1.00
2018.05.21 04:19:54.238,0.76684,0.76692,1.00,1.00
2018.05.21 04:19:55.336,0.76684,0.76694,1.00,1.00
2018.05.21 04:19:55.440,0.76686,0.76696,1.00,1.00
2018.05.21 04:19:55.968,0.76687,0.76697,1.00,1.50
2018.05.21 04:19:58.047,0.76689,0.76697,1.00,1.00
2018.05.21 04:19:58.150,0.76686,0.76695,1.00,1.00
2018.05.21 04:19:58.354,0.76686,0.76693,1.00,1.00
2018.05.21 04:19:58.406,0.76686,0.76695,1.00,1.50
2018.05.21 04:19:58.945,0.76685,0.76695,1.00,1.50
2018.05.21 04:19:59.756,0.76686,0.76695,1.00,1.50
2018.05.21 04:20:00.287,0.76684,0.76695,1.50,1.50
2018.05.21 04:20:00.722,0.76686,0.76695,1.50,1.00
2018.05.21 04:20:01.239,0.76686,0.76696,1.50,1.00
2018.05.21 04:20:01.769,0.76686,0.76697,1.50,2.25
2018.05.21 04:20:03.910,0.76686,0.76696,1.50,1.00
2018.05.21 04:20:04.857,0.76685,0.76696,2.25,1.00
2018.05.21 04:20:05.419,0.76685,0.76695,1.00,1.00
2018.05.21 04:20:06.011,0.76684,0.76695,4.50,1.00
2018.05.21 04:20:08.131,0.76684,0.76696,4.50,3.00
2018.05.21 04:20:13.494,0.76685,0.76696,1.00,2.25
2018.05.21 04:20:13.876,0.76688,0.76698,2.85,1.50
2018.05.21 04:20:14.183,0.76693,0.76704,2.10,1.50
2018.05.21 04:20:14.368,0.76695,0.76705,1.00,1.50
2018.05.21 04:20:14.888,0.76694,0.76705,3.00,1.00
2018.05.21 04:20:15.282,0.76697,0.76707,1.00,1.50
2018.05.21 04:20:15.797,0.76697,0.76708,1.50,3.00
2018.05.21 04:20:17.850,0.76698,0.76709,1.50,2.25
2018.05.21 04:20:20.657,0.76699,0.76709,1.00,1.50
2018.05.21 04:20:21.888,0.767,0.76709,1.00,1.00
2018.05.21 04:20:25.487,0.76699,0.76709,1.50,1.00
2018.05.21 04:20:28.974,0.76699,0.7671,2.25,1.50
2018.05.21 04:20:32.461,0.76699,0.76709,2.25,1.00
2018.05.21 04:20:43.814,0.767,0.7671,1.00,1.50
2018.05.21 04:20:48.863,0.76699,0.76709,1.50,1.50
2018.05.21 04:20:49.091,0.76697,0.76708,2.25,1.50
2018.05.21 04:20:49.397,0.76699,0.76709,1.00,1.50
2018.05.21 04:20:52.161,0.76699,0.7671,1.00,2.25
2018.05.21 04:21:01.308,0.76699,0.76708,2.25,1.00
2018.05.21 04:21:01.826,0.76699,0.76709,3.00,1.00
2018.05.21 04:21:02.336,0.76699,0.76711,3.75,1.50
2018.05.21 04:21:07.178,0.76699,0.7671,3.00,1.00
2018.05.21 04:21:10.553,0.76699,0.76711,3.75,1.50
2018.05.21 04:21:11.147,0.76699,0.7671,3.75,1.00
2018.05.21 04:21:11.198,0.76699,0.76708,2.25,1.00
2018.05.21 04:21:11.249,0.76699,0.7671,1.50,1.00
2018.05.21 04:21:11.818,0.767,0.7671,1.00,1.50
2018.05.21 04:21:12.360,0.767,0.76709,1.00,1.00
2018.05.21 04:21:12.923,0.76699,0.76709,1.00,1.50
2018.05.21 04:21:16.291,0.76699,0.76708,1.00,1.00
2018.05.21 04:21:29.597,0.76701,0.76709,1.50,1.00
2018.05.21 04:21:29.648,0.76704,0.76713,1.00,1.00
2018.05.21 04:21:29.802,0.76704,0.76715,1.50,1.50
2018.05.21 04:21:46.538,0.76705,0.76715,1.00,1.00
2018.05.21 04:21:47.297,0.76705,0.76716,1.50,1.00
2018.05.21 04:21:52.326,0.76705,0.76717,2.25,3.00
2018.05.21 04:21:52.876,0.76706,0.76717,1.50,2.25
2018.05.21 04:21:53.316,0.76706,0.76715,1.00,1.50
2018.05.21 04:21:53.470,0.76704,0.76714,2.25,1.00
2018.05.21 04:21:54.075,0.76704,0.76713,1.50,1.00
2018.05.21 04:21:54.279,0.76704,0.76715,1.50,1.00
2018.05.21 04:21:54.819,0.76705,0.76715,1.00,1.00
2018.05.21 04:21:55.356,0.76704,0.76714,2.25,1.00
2018.05.21 04:21:59.549,0.76704,0.76715,1.50,1.00
2018.05.21 04:22:03.555,0.76705,0.76715,1.00,1.00
2018.05.21 04:22:05.487,0.76706,0.76715,1.00,1.00
2018.05.21 04:22:06.619,0.76706,0.76716,1.00,1.00
2018.05.21 04:22:09.801,0.76705,0.7671,1.00,1.00
2018.05.21 04:22:09.852,0.76701,0.76709,1.50,1.00
2018.05.21 04:22:09.902,0.76701,0.76707,1.00,1.00
2018.05.21 04:22:10.525,0.76701,0.76708,1.00,1.00
2018.05.21 04:22:12.437,0.76701,0.76709,1.00,1.00
2018.05.21 04:22:12.489,0.76702,0.76711,1.00,1.50
2018.05.21 04:22:12.592,0.76703,0.76713,1.00,1.50
2018.05.21 04:22:12.848,0.76704,0.76715,1.50,1.50
2018.05.21 04:22:14.021,0.76705,0.76715,1.00,1.00
2018.05.21 04:22:17.433,0.76704,0.76713,3.00,1.00
2018.05.21 04:22:17.953,0.76704,0.76714,1.00,1.50
2018.05.21 04:22:18.592,0.76704,0.76715,1.00,1.50
2018.05.21 04:22:22.903,0.76704,0.76714,1.00,1.00
2018.05.21 04:22:25.547,0.76704,0.76715,1.50,1.00
2018.05.21 04:22:30.216,0.76704,0.76714,1.50,1.00
2018.05.21 04:22:30.760,0.76704,0.76715,1.50,1.00
2018.05.21 04:22:31.378,0.76704,0.76714,1.50,1.00
2018.05.21 04:22:32.131,0.76704,0.76715,1.50,1.00
2018.05.21 04:22:40.846,0.76705,0.76715,1.00,1.00
2018.05.21 04:22:41.410,0.76706,0.76716,1.00,1.00
2018.05.21 04:22:43.028,0.76706,0.76715,1.50,1.00
2018.05.21 04:22:43.234,0.76706,0.76717,1.50,1.00
2018.05.21 04:22:51.265,0.76707,0.76717,1.00,1.00
2018.05.21 04:23:12.335,0.76707,0.76716,1.00,1.00
2018.05.21 04:23:12.515,0.76705,0.76716,1.50,1.50
2018.05.21 04:23:16.246,0.76705,0.76715,1.50,1.00
2018.05.21 04:23:16.968,0.76705,0.76714,1.00,1.50
2018.05.21 04:23:17.774,0.76706,0.76712,1.00,1.00
2018.05.21 04:23:17.880,0.76708,0.76715,1.00,1.00
2018.05.21 04:23:17.934,0.76709,0.76717,1.00,1.50
2018.05.21 04:23:18.393,0.76706,0.76717,1.50,2.25
2018.05.21 04:23:18.766,0.76709,0.76718,1.00,1.00
2018.05.21 04:23:19.293,0.76709,0.76719,1.00,3.00
2018.05.21 04:23:24.785,0.76709,0.7672,2.25,1.50
2018.05.21 04:23:25.131,0.76712,0.76721,1.00,1.50
2018.05.21 04:23:25.693,0.76711,0.7672,1.00,1.00
2018.05.21 04:23:28.404,0.76711,0.76721,2.25,1.00
2018.05.21 04:23:28.919,0.76711,0.7672,1.50,1.00
2018.05.21 04:23:29.241,0.76709,0.7672,3.00,1.50
2018.05.21 04:23:29.556,0.76709,0.76718,1.50,1.00
2018.05.21 04:23:30.600,0.76709,0.76719,1.50,1.00
2018.05.21 04:23:32.086,0.76709,0.7672,1.50,2.25
2018.05.21 04:23:32.393,0.76705,0.76713,1.00,1.00
2018.05.21 04:23:32.772,0.76703,0.76713,1.00,1.00
2018.05.21 04:23:35.817,0.76702,0.76713,2.25,1.00
2018.05.21 04:23:36.632,0.76702,0.76712,1.50,1.00
2018.05.21 04:23:48.077,0.76702,0.76713,1.50,2.25
2018.05.21 04:23:48.283,0.76704,0.76714,1.00,1.00
2018.05.21 04:23:49.548,0.76704,0.76713,1.00,1.00
2018.05.21 04:23:49.753,0.76702,0.76712,1.50,1.00
2018.05.21 04:23:50.599,0.76702,0.76713,2.25,1.00
2018.05.21 04:23:52.750,0.76703,0.76713,1.00,1.00
2018.05.21 04:23:54.955,0.76704,0.76713,1.00,1.00
2018.05.21 04:23:55.555,0.76705,0.76713,1.00,1.00
2018.05.21 04:23:56.218,0.76703,0.76713,1.00,1.00
2018.05.21 04:23:56.269,0.76705,0.76713,1.00,1.00
2018.05.21 04:23:56.567,0.76703,0.76713,1.00,1.00
2018.05.21 04:23:57.146,0.76704,0.76713,1.00,1.00
2018.05.21 04:24:00.168,0.76704,0.76714,1.00,1.00
2018.05.21 04:24:00.270,0.76706,0.76714,1.00,1.00
2018.05.21 04:24:00.524,0.76706,0.76716,1.00,1.00
2018.05.21 04:24:00.727,0.76708,0.76716,1.00,1.00
2018.05.21 04:24:00.828,0.76706,0.76716,1.50,1.00
2018.05.21 04:24:00.930,0.76708,0.76716,1.00,1.00
2018.05.21 04:24:01.891,0.76706,0.76716,2.25,1.00
2018.05.21 04:24:02.280,0.76708,0.76717,1.00,1.00
2018.05.21 04:24:03.790,0.76707,0.76717,1.00,1.00
2018.05.21 04:24:04.174,0.76709,0.76717,1.00,1.00
2018.05.21 04:24:04.225,0.76707,0.76717,1.00,1.00
2018.05.21 04:24:04.796,0.76708,0.76717,1.50,1.00
2018.05.21 04:24:06.400,0.76708,0.76716,1.00,1.00
2018.05.21 04:24:06.503,0.76706,0.76716,1.50,1.00
2018.05.21 04:24:06.605,0.76704,0.76715,2.25,1.50
2018.05.21 04:24:06.963,0.76704,0.76713,1.00,1.00
2018.05.21 04:24:07.536,0.76705,0.76713,1.00,1.00
2018.05.21 04:24:08.370,0.76704,0.76713,1.50,1.00
2018.05.21 04:24:08.978,0.76705,0.76713,1.00,1.00
2018.05.21 04:24:10.022,0.76704,0.76713,1.50,1.00
2018.05.21 04:24:10.547,0.76704,0.76714,1.50,1.00
2018.05.21 04:24:13.187,0.76705,0.76714,1.00,1.00
2018.05.21 04:24:14.478,0.76704,0.76713,1.00,1.00
2018.05.21 04:24:29.585,0.76704,0.76714,1.50,1.00
2018.05.21 04:24:32.213,0.76705,0.76714,1.00,1.00
2018.05.21 04:24:34.307,0.76705,0.76715,1.00,2.25
2018.05.21 04:24:39.229,0.76705,0.76714,2.25,1.00
2018.05.21 04:24:39.756,0.76705,0.76715,2.25,1.00
2018.05.21 04:24:46.657,0.76706,0.76715,1.00,1.00
2018.05.21 04:24:49.867,0.76706,0.76716,1.00,1.00
2018.05.21 04:24:50.376,0.76707,0.76717,1.50,1.00
2018.05.21 04:24:50.949,0.76707,0.76716,1.00,1.00
2018.05.21 04:24:51.489,0.76706,0.76716,1.00,1.00
2018.05.21 04:24:56.157,0.76705,0.76716,2.25,1.00
2018.05.21 04:25:00.355,0.76705,0.76715,1.50,1.00
2018.05.21 04:25:00.869,0.76705,0.76716,1.50,1.50
2018.05.21 04:25:01.515,0.76705,0.76715,1.00,1.50
2018.05.21 04:25:02.023,0.76705,0.76714,1.00,1.50
2018.05.21 04:25:10.998,0.76703,0.76712,1.50,1.00
2018.05.21 04:25:11.752,0.76703,0.76711,1.00,1.00
2018.05.21 04:25:15.417,0.76703,0.76712,1.00,1.00
2018.05.21 04:25:15.961,0.76703,0.76713,1.50,1.00
2018.05.21 04:25:17.159,0.76703,0.76712,1.50,1.00
2018.05.21 04:25:17.696,0.76703,0.76713,1.50,1.00
2018.05.21 04:25:20.541,0.76703,0.76712,1.50,1.00
2018.05.21 04:25:21.148,0.76703,0.76713,1.50,1.00
2018.05.21 04:25:22.418,0.76703,0.76712,1.50,1.00
2018.05.21 04:25:25.770,0.76703,0.76713,1.50,1.00
2018.05.21 04:25:26.329,0.76704,0.76713,1.00,1.00
2018.05.21 04:25:29.397,0.76703,0.76713,2.25,1.00
2018.05.21 04:25:29.961,0.76704,0.76713,1.00,1.00
2018.05.21 04:25:30.625,0.76703,0.76713,1.50,1.00
2018.05.21 04:25:31.337,0.76704,0.76713,1.00,1.00
2018.05.21 04:25:31.857,0.76703,0.76713,1.50,1.00
2018.05.21 04:25:35.149,0.76703,0.76714,1.50,1.50
2018.05.21 04:25:37.793,0.76703,0.76713,1.50,1.00
2018.05.21 04:25:48.945,0.76703,0.76712,1.00,1.00
2018.05.21 04:26:00.160,0.76701,0.76706,1.50,1.00
2018.05.21 04:26:00.213,0.76701,0.76709,1.50,1.00
2018.05.21 04:26:00.288,0.767,0.76706,1.00,1.00
2018.05.21 04:26:00.339,0.76698,0.76707,1.00,1.50
2018.05.21 04:26:00.391,0.76699,0.76709,1.00,1.00
2018.05.21 04:26:01.015,0.767,0.76709,1.50,1.00
2018.05.21 04:26:01.526,0.767,0.7671,1.00,1.50
2018.05.21 04:26:03.612,0.767,0.76711,2.25,1.00
2018.05.21 04:26:04.449,0.76701,0.76711,1.50,1.00
2018.05.21 04:26:05.060,0.76702,0.76712,1.00,1.50
2018.05.21 04:26:16.947,0.76702,0.76713,2.25,1.00
2018.05.21 04:26:17.501,0.76702,0.76712,1.50,1.00
2018.05.21 04:26:21.784,0.76702,0.76711,1.00,1.00
2018.05.21 04:26:22.226,0.767,0.7671,1.50,1.00
2018.05.21 04:26:22.599,0.767,0.76708,1.00,1.00
2018.05.21 04:26:23.438,0.767,0.76709,1.00,2.25
2018.05.21 04:26:31.252,0.767,0.76708,1.50,1.00
2018.05.21 04:26:32.814,0.76698,0.76708,2.25,2.25
2018.05.21 04:26:33.351,0.76698,0.76709,3.00,2.25
2018.05.21 04:26:36.903,0.767,0.76709,1.50,1.00
2018.05.21 04:26:48.081,0.767,0.7671,2.25,1.00
2018.05.21 04:26:48.756,0.767,0.76709,2.25,1.00
2018.05.21 04:26:49.305,0.767,0.7671,2.25,1.00
2018.05.21 04:26:51.324,0.767,0.76709,2.25,1.00
2018.05.21 04:26:52.440,0.76699,0.76708,1.00,1.00
2018.05.21 04:26:53.850,0.767,0.76708,1.00,1.00
2018.05.21 04:26:54.370,0.76701,0.76708,1.00,1.00
2018.05.21 04:26:55.405,0.767,0.76708,1.50,1.00
2018.05.21 04:26:56.211,0.767,0.76709,1.50,1.50
2018.05.21 04:26:56.691,0.76702,0.76709,1.00,1.00
2018.05.21 04:26:59.556,0.76702,0.7671,1.00,1.50
2018.05.21 04:27:00.971,0.76702,0.76711,1.00,1.50
2018.05.21 04:27:01.337,0.7671,0.76718,1.50,1.00
2018.05.21 04:27:01.643,0.76712,0.7672,1.00,2.25
2018.05.21 04:27:02.234,0.76711,0.76719,1.00,1.00
2018.05.21 04:27:02.756,0.76711,0.7672,1.00,1.50
2018.05.21 04:27:03.588,0.76711,0.76719,1.00,1.00
2018.05.21 04:27:03.690,0.76707,0.76717,1.50,1.50
2018.05.21 04:27:03.844,0.76705,0.76715,1.50,1.00
2018.05.21 04:27:04.354,0.76704,0.76714,3.00,1.00
2018.05.21 04:27:07.193,0.76705,0.76716,1.50,2.25
2018.05.21 04:27:07.346,0.76707,0.76716,1.00,1.00
2018.05.21 04:27:07.888,0.76707,0.76717,1.50,1.50
2018.05.21 04:27:10.548,0.76707,0.76718,2.25,1.50
2018.05.21 04:27:14.609,0.76707,0.76717,2.25,1.00
2018.05.21 04:27:16.937,0.76707,0.76718,2.25,1.50
2018.05.21 04:27:18.881,0.76708,0.76718,1.00,1.50
2018.05.21 04:27:19.213,0.7671,0.7672,1.00,1.50
2018.05.21 04:27:19.817,0.76709,0.7672,4.50,1.00
2018.05.21 04:27:20.408,0.76709,0.76721,4.50,2.25
2018.05.21 04:27:20.721,0.76714,0.76722,1.00,1.50
2018.05.21 04:27:24.344,0.76714,0.76723,1.00,2.25
2018.05.21 04:27:25.443,0.76714,0.76724,2.25,1.50
2018.05.21 04:27:25.978,0.76716,0.76725,1.00,2.25
2018.05.21 04:27:36.439,0.76716,0.76724,1.00,1.00
2018.05.21 04:27:36.595,0.76712,0.76721,1.00,1.50
2018.05.21 04:27:41.191,0.76712,0.7672,1.00,1.00
2018.05.21 04:27:41.952,0.76712,0.76721,1.00,2.25
2018.05.21 04:27:42.547,0.76712,0.7672,1.00,1.00
2018.05.21 04:27:49.927,0.76712,0.76721,1.00,1.50
2018.05.21 04:27:55.404,0.76713,0.76721,1.00,1.00
2018.05.21 04:27:56.607,0.76713,0.76722,1.00,1.50
2018.05.21 04:27:58.305,0.76715,0.76726,2.25,1.00
2018.05.21 04:27:58.357,0.76718,0.76728,1.00,1.00
2018.05.21 04:27:58.666,0.7672,0.76728,1.50,1.00
2018.05.21 04:27:58.718,0.76718,0.76728,1.00,1.00
2018.05.21 04:27:58.770,0.76719,0.76726,1.00,1.00
2018.05.21 04:27:59.104,0.76719,0.76728,1.00,1.50
2018.05.21 04:28:01.439,0.76721,0.76729,1.00,1.00
2018.05.21 04:28:01.783,0.76723,0.7673,1.00,1.00
2018.05.21 04:28:01.834,0.76723,0.76732,1.00,2.25
2018.05.21 04:28:02.666,0.76723,0.76731,1.00,1.00
2018.05.21 04:28:06.505,0.76723,0.76732,1.00,1.00
2018.05.21 04:28:07.007,0.76723,0.7673,1.00,1.00
2018.05.21 04:28:08.810,0.76721,0.7673,1.50,1.50
2018.05.21 04:28:10.226,0.76721,0.76729,1.50,1.00
2018.05.21 04:28:21.739,0.76719,0.76729,1.50,1.00
2018.05.21 04:29:12.808,0.76719,0.76728,2.25,1.00
2018.05.21 04:29:13.927,0.76721,0.76728,1.00,1.00
2018.05.21 04:29:13.978,0.76721,0.7673,1.50,1.00
2018.05.21 04:29:14.182,0.76722,0.76732,1.00,2.25
2018.05.21 04:29:14.285,0.76724,0.76732,1.00,1.00
2018.05.21 04:29:18.249,0.76725,0.76733,1.00,1.00
2018.05.21 04:29:18.799,0.76726,0.76734,1.00,1.00
2018.05.21 04:29:19.481,0.76726,0.76735,1.00,1.00
2018.05.21 04:29:26.576,0.76727,0.76735,1.00,1.00
2018.05.21 04:29:26.882,0.7673,0.76737,1.00,1.00
2018.05.21 04:29:27.747,0.76731,0.76738,1.00,1.00
2018.05.21 04:29:33.487,0.7673,0.76738,1.00,1.50
2018.05.21 04:29:34.075,0.7673,0.76737,1.00,1.00
2018.05.21 04:29:34.734,0.7673,0.76738,1.00,1.50
2018.05.21 04:29:36.977,0.76728,0.76738,2.25,1.50
2018.05.21 04:29:37.703,0.76729,0.76738,1.00,1.00
2018.05.21 04:29:42.001,0.76726,0.76735,1.50,1.00
2018.05.21 04:29:42.549,0.76725,0.76734,1.50,1.00
2018.05.21 04:29:43.164,0.76725,0.76735,1.50,2.25
2018.05.21 04:29:43.700,0.76725,0.76734,1.50,2.25
2018.05.21 04:29:49.102,0.76725,0.76733,1.00,1.00
2018.05.21 04:29:54.593,0.76725,0.76732,1.00,1.00
2018.05.21 04:29:55.276,0.76723,0.76732,1.50,1.00
2018.05.21 04:29:56.327,0.76725,0.76735,1.50,1.50
2018.05.21 04:29:56.479,0.76727,0.76735,1.00,1.00
2018.05.21 04:29:56.631,0.76727,0.76737,2.25,2.25
2018.05.21 04:29:57.040,0.76727,0.76735,1.50,1.00
2018.05.21 04:29:57.543,0.76727,0.76734,1.00,1.00
2018.05.21 04:29:57.594,0.76725,0.76734,2.25,1.00
2018.05.21 04:29:57.957,0.76727,0.76736,1.50,1.00
2018.05.21 04:29:58.592,0.76727,0.76737,2.25,2.25
2018.05.21 04:29:59.428,0.76727,0.76736,2.25,1.00
2018.05.21 04:30:00.242,0.76728,0.76736,1.00,1.00
2018.05.21 04:30:00.499,0.76728,0.76738,1.00,2.25
2018.05.21 04:30:01.045,0.76728,0.76737,1.50,1.00
2018.05.21 04:30:01.299,0.76727,0.76731,2.25,1.00
2018.05.21 04:30:01.350,0.76724,0.76728,1.00,1.50
2018.05.21 04:30:01.401,0.76722,0.76728,1.00,1.50
2018.05.21 04:30:01.452,0.76719,0.76727,1.00,1.00
2018.05.21 04:30:01.998,0.76718,0.76726,1.00,1.00
2018.05.21 04:30:04.203,0.76718,0.76727,1.50,1.00
2018.05.21 04:30:09.997,0.76719,0.76727,1.00,1.50
2018.05.21 04:30:12.436,0.76719,0.76728,1.00,1.00
2018.05.21 04:30:12.540,0.76721,0.7673,1.00,2.25
2018.05.21 04:30:12.848,0.76712,0.76718,1.00,1.00
2018.05.21 04:30:13.033,0.7671,0.76719,2.25,1.00
2018.05.21 04:30:14.293,0.76711,0.7672,1.00,1.00
2018.05.21 04:30:16.171,0.7671,0.7672,2.25,1.00
2018.05.21 04:30:16.788,0.7671,0.76719,2.25,1.00
2018.05.21 04:30:17.298,0.7671,0.76717,1.00,1.00
2018.05.21 04:30:17.553,0.7671,0.76719,1.00,1.50
2018.05.21 04:30:17.604,0.76711,0.76717,1.00,1.00
2018.05.21 04:30:17.707,0.76709,0.76717,1.50,1.00
2018.05.21 04:30:18.241,0.76709,0.76718,1.50,1.00
2018.05.21 04:30:18.819,0.76708,0.76718,2.25,1.50
2018.05.21 04:30:21.484,0.76708,0.76717,1.50,1.00
2018.05.21 04:30:22.010,0.76708,0.76718,1.50,1.50
2018.05.21 04:30:22.061,0.7671,0.76718,1.00,1.00
2018.05.21 04:30:22.557,0.76708,0.76717,1.50,1.00
2018.05.21 04:30:23.081,0.76707,0.76716,1.50,1.00
2018.05.21 04:30:23.851,0.76706,0.76714,1.00,1.00
2018.05.21 04:30:23.903,0.76704,0.76714,1.50,1.50
2018.05.21 04:30:24.008,0.76704,0.76712,1.00,1.00
2018.05.21 04:30:24.110,0.76702,0.76711,1.50,1.00
2018.05.21 04:30:24.718,0.76702,0.76712,1.00,1.50
2018.05.21 04:30:25.275,0.76702,0.76711,1.00,1.00
2018.05.21 04:30:25.844,0.767,0.7671,2.25,1.00
2018.05.21 04:30:25.996,0.76702,0.76712,1.00,2.25
2018.05.21 04:30:29.430,0.76702,0.76711,1.50,1.00
2018.05.21 04:30:34.098,0.76704,0.76713,1.00,1.00
2018.05.21 04:30:34.404,0.76703,0.76711,1.00,1.00
2018.05.21 04:30:34.574,0.76704,0.76713,1.50,1.00
2018.05.21 04:30:35.084,0.76705,0.76713,1.00,1.00
2018.05.21 04:30:35.482,0.76705,0.76715,1.00,1.50
2018.05.21 04:30:36.515,0.76707,0.76716,1.50,1.00
2018.05.21 04:30:37.038,0.76708,0.76716,1.00,1.00
2018.05.21 04:30:37.345,0.76705,0.76713,1.00,1.00
2018.05.21 04:30:37.896,0.76704,0.76713,2.25,1.00
2018.05.21 04:30:37.948,0.76705,0.76715,1.00,1.50
2018.05.21 04:30:40.551,0.76706,0.76715,1.00,1.00
2018.05.21 04:30:41.854,0.76705,0.76712,1.00,1.00
2018.05.21 04:30:42.253,0.76703,0.76711,1.00,1.00
2018.05.21 04:30:42.760,0.76702,0.7671,1.00,1.00
2018.05.21 04:30:45.108,0.76702,0.76711,1.50,1.00
2018.05.21 04:30:46.358,0.76702,0.76712,3.00,1.50
2018.05.21 04:30:46.717,0.76707,0.76715,1.00,1.00
2018.05.21 04:30:46.769,0.76705,0.76714,1.50,1.50
2018.05.21 04:30:46.956,0.76703,0.76711,1.50,1.00
2018.05.21 04:30:47.484,0.76707,0.76714,1.00,1.00
2018.05.21 04:30:47.536,0.76706,0.76716,1.00,2.25
2018.05.21 04:30:47.587,0.76708,0.76716,1.00,1.50
2018.05.21 04:30:47.909,0.76708,0.76718,1.00,1.50
2018.05.21 04:30:50.702,0.76708,0.76717,1.50,1.00
2018.05.21 04:30:53.353,0.76709,0.76718,1.00,1.00
2018.05.21 04:30:53.557,0.76708,0.76716,1.00,1.00
2018.05.21 04:30:54.303,0.76708,0.76715,1.00,1.50
2018.05.21 04:30:55.548,0.76708,0.76716,1.00,2.25
2018.05.21 04:30:57.598,0.76708,0.76715,1.00,1.00
2018.05.21 04:31:00.438,0.76708,0.76716,1.00,1.50
2018.05.21 04:31:13.382,0.76708,0.76715,1.00,1.00
2018.05.21 04:31:13.433,0.76706,0.76715,1.00,1.00
2018.05.21 04:31:13.983,0.76705,0.76715,1.50,1.50
2018.05.21 04:31:14.692,0.76705,0.76714,1.50,1.00
2018.05.21 04:31:16.108,0.76705,0.76715,1.50,1.50
2018.05.21 04:31:16.938,0.76705,0.76714,1.50,1.00
2018.05.21 04:31:17.466,0.76705,0.76715,1.50,2.25
2018.05.21 04:31:18.348,0.76705,0.76714,1.50,1.00
2018.05.21 04:31:19.278,0.76705,0.76715,2.25,1.50
2018.05.21 04:31:20.231,0.76705,0.76714,2.25,1.00
2018.05.21 04:31:21.149,0.76705,0.76715,2.25,1.50
2018.05.21 04:31:21.734,0.76705,0.76714,1.50,1.00
2018.05.21 04:31:22.158,0.76707,0.76716,1.00,1.00
2018.05.21 04:31:22.209,0.76708,0.76718,1.00,1.50
2018.05.21 04:31:22.626,0.76707,0.76716,1.50,1.00
2018.05.21 04:31:30.330,0.76707,0.76717,1.50,1.50
2018.05.21 04:31:31.019,0.76707,0.76716,1.50,1.00
2018.05.21 04:31:35.461,0.76707,0.76717,1.50,1.50
2018.05.21 04:31:39.980,0.76708,0.76717,1.00,1.50
2018.05.21 04:31:41.392,0.76707,0.76716,1.50,1.00
2018.05.21 04:31:42.198,0.76708,0.76716,1.00,1.00
2018.05.21 04:31:43.610,0.76708,0.76717,1.00,1.50
2018.05.21 04:31:44.160,0.76709,0.76717,1.00,1.00
2018.05.21 04:31:44.887,0.76709,0.76718,1.00,2.25
2018.05.21 04:31:49.719,0.76712,0.76721,1.00,2.25
2018.05.21 04:31:51.994,0.76711,0.76721,1.00,1.00
2018.05.21 04:31:56.384,0.7671,0.7672,1.50,1.00
2018.05.21 04:31:59.132,0.7671,0.76719,1.50,1.00
2018.05.21 04:32:05.741,0.76709,0.76718,1.00,1.00
2018.05.21 04:32:10.952,0.76709,0.76719,1.50,1.50
2018.05.21 04:32:13.537,0.76709,0.76718,1.00,1.00
2018.05.21 04:32:31.030,0.76709,0.76717,1.00,1.00
2018.05.21 04:32:31.558,0.76709,0.76716,1.00,1.00
2018.05.21 04:32:33.593,0.76707,0.76716,1.00,1.00
2018.05.21 04:32:41.463,0.76707,0.76715,1.50,1.00
2018.05.21 04:32:41.565,0.76705,0.76714,1.50,1.50
2018.05.21 04:32:42.369,0.76706,0.76715,1.00,1.50
2018.05.21 04:32:46.394,0.76705,0.76715,2.25,1.00
2018.05.21 04:32:48.327,0.76705,0.76714,1.00,1.00
2018.05.21 04:33:00.981,0.76705,0.76715,3.00,1.50
2018.05.21 04:33:01.548,0.76705,0.76714,3.00,1.00
2018.05.21 04:33:06.498,0.76705,0.76715,3.00,1.50
2018.05.21 04:33:07.244,0.76705,0.76714,3.00,1.00
2018.05.21 04:33:07.825,0.76705,0.76715,3.00,1.50
2018.05.21 04:33:08.574,0.76705,0.76714,3.00,1.00
2018.05.21 04:33:10.196,0.76706,0.76714,1.00,1.00
2018.05.21 04:33:10.699,0.76706,0.76715,1.00,1.50
2018.05.21 04:33:15.271,0.76705,0.76715,2.25,2.25
2018.05.21 04:33:15.322,0.76705,0.76712,1.00,1.00
2018.05.21 04:33:15.839,0.76705,0.76713,1.00,1.00
2018.05.21 04:33:20.500,0.76705,0.76711,1.00,1.00
2018.05.21 04:33:22.883,0.76703,0.76711,1.00,1.50
2018.05.21 04:33:38.827,0.76703,0.76712,1.00,1.50
2018.05.21 04:33:45.896,0.76703,0.76711,1.00,1.00
2018.05.21 04:33:51.353,0.76705,0.76712,1.50,1.00
2018.05.21 04:33:51.918,0.76705,0.76713,1.00,1.50
2018.05.21 04:34:07.776,0.76706,0.76714,1.00,1.00
2018.05.21 04:34:08.318,0.76705,0.76714,2.25,1.00
2018.05.21 04:34:19.892,0.76706,0.76715,1.00,1.00
2018.05.21 04:34:21.008,0.76705,0.76715,3.00,1.50
2018.05.21 04:34:21.625,0.76705,0.76714,3.00,1.00
2018.05.21 04:34:29.093,0.76705,0.76715,3.00,2.25
2018.05.21 04:34:29.422,0.76704,0.76711,1.00,1.00
2018.05.21 04:34:29.525,0.76705,0.76713,3.00,1.00
2018.05.21 04:34:30.098,0.76707,0.76713,1.00,1.00
2018.05.21 04:34:32.341,0.76707,0.76714,1.00,1.35
2018.05.21 04:34:35.404,0.76706,0.76714,2.25,1.35
2018.05.21 04:34:37.321,0.76706,0.76713,1.00,1.50
2018.05.21 04:34:37.875,0.76706,0.76712,1.00,1.00
2018.05.21 04:34:41.780,0.76706,0.76713,1.00,1.00
2018.05.21 04:34:51.265,0.76705,0.76713,1.50,1.00
2018.05.21 04:34:51.793,0.76705,0.76711,1.50,1.00
2018.05.21 04:34:58.493,0.76703,0.76711,1.50,1.50
2018.05.21 04:34:58.648,0.76703,0.76709,1.00,1.50
2018.05.21 04:34:59.190,0.76703,0.7671,1.00,1.50
2018.05.21 04:35:08.250,0.76701,0.7671,1.00,1.50
2018.05.21 04:35:13.437,0.76701,0.76709,1.00,1.00
2018.05.21 04:35:14.809,0.76701,0.76708,1.00,1.00
2018.05.21 04:35:14.912,0.76699,0.76708,1.00,1.00
2018.05.21 04:35:35.471,0.76699,0.76709,2.25,1.50
2018.05.21 04:35:52.169,0.76698,0.76707,1.50,1.50
2018.05.21 04:35:52.688,0.76697,0.76706,1.87,1.50
2018.05.21 04:35:56.941,0.76697,0.76705,1.50,1.00
2018.05.21 04:36:00.280,0.76697,0.76706,2.62,1.00
2018.05.21 04:36:00.827,0.76697,0.76705,1.50,1.00
2018.05.21 04:36:01.637,0.76697,0.76706,2.62,1.50
2018.05.21 04:36:02.516,0.76698,0.76706,1.00,1.00
2018.05.21 04:36:03.132,0.76699,0.76706,1.87,1.00
2018.05.21 04:36:03.682,0.76699,0.76707,1.87,1.00
2018.05.21 04:36:04.209,0.767,0.76708,1.00,1.00
2018.05.21 04:36:09.181,0.76699,0.76708,1.87,1.00
2018.05.21 04:36:12.622,0.76699,0.76707,3.00,1.00
2018.05.21 04:36:36.483,0.76699,0.76706,1.00,1.00
2018.05.21 04:36:40.164,0.76699,0.76707,1.00,1.00
2018.05.21 04:36:43.240,0.767,0.76707,1.00,1.00
2018.05.21 04:36:43.552,0.76701,0.7671,1.00,1.50
2018.05.21 04:36:49.020,0.76701,0.76709,2.25,1.00
2018.05.21 04:36:50.455,0.76702,0.76709,1.00,1.00
2018.05.21 04:36:50.977,0.76701,0.76709,2.25,1.00
2018.05.21 04:36:55.400,0.76702,0.76709,1.00,1.00
2018.05.21 04:37:24.219,0.76702,0.76708,1.00,1.00
2018.05.21 04:37:24.271,0.767,0.76704,1.00,1.00
2018.05.21 04:37:24.322,0.76698,0.76703,1.00,1.00
2018.05.21 04:37:24.375,0.76695,0.76703,1.50,1.00
2018.05.21 04:37:37.831,0.76695,0.76702,1.00,1.00
2018.05.21 04:37:39.541,0.76695,0.76703,1.00,1.00
2018.05.21 04:37:40.053,0.76695,0.76702,1.00,1.00
2018.05.21 04:37:42.790,0.76695,0.76701,1.00,1.00
2018.05.21 04:37:43.742,0.76695,0.76704,1.50,1.00
2018.05.21 04:37:43.844,0.76697,0.76705,1.00,1.00
2018.05.21 04:37:44.484,0.76697,0.76706,1.50,1.00
2018.05.21 04:37:45.597,0.76698,0.76707,1.00,1.00
2018.05.21 04:37:45.653,0.76699,0.76709,1.00,1.00
2018.05.21 04:37:45.755,0.76701,0.7671,1.00,1.00
2018.05.21 04:37:46.062,0.76703,0.76712,1.00,1.00
2018.05.21 04:37:50.469,0.76704,0.76713,1.00,1.00
2018.05.21 04:37:51.028,0.76703,0.76712,1.50,1.00
2018.05.21 04:37:53.390,0.76703,0.76711,1.00,1.00
2018.05.21 04:37:55.654,0.76703,0.7671,1.00,1.00
2018.05.21 04:37:58.028,0.76703,0.76709,1.00,1.00
2018.05.21 04:38:01.098,0.76696,0.76703,1.00,1.00
2018.05.21 04:38:02.298,0.76696,0.76704,1.00,1.00
2018.05.21 04:38:03.629,0.76696,0.76705,2.25,1.00
2018.05.21 04:38:05.121,0.76697,0.76706,1.00,1.00
2018.05.21 04:38:09.920,0.76699,0.76706,1.00,1.00
2018.05.21 04:38:10.023,0.767,0.76708,1.00,1.00
2018.05.21 04:38:14.284,0.767,0.76707,1.00,1.00
2018.05.21 04:38:14.385,0.76698,0.76706,1.00,1.00
2018.05.21 04:38:19.481,0.76698,0.76705,1.00,1.00
2018.05.21 04:38:24.427,0.76696,0.76703,1.00,1.00
2018.05.21 04:38:25.608,0.76694,0.76703,1.00,1.00
2018.05.21 04:38:29.508,0.76692,0.76699,1.00,1.00
2018.05.21 04:38:30.209,0.76692,0.767,1.00,1.50
2018.05.21 04:38:31.514,0.76692,0.76701,1.50,1.50
2018.05.21 04:38:32.221,0.76693,0.76702,1.00,1.50
2018.05.21 04:38:36.369,0.76692,0.76702,2.25,1.50
2018.05.21 04:38:36.992,0.76692,0.76701,1.50,1.00
2018.05.21 04:38:58.683,0.76693,0.76702,1.00,1.50
2018.05.21 04:38:59.288,0.76693,0.76703,1.50,2.25
2018.05.21 04:38:59.954,0.76694,0.76703,1.00,1.50
2018.05.21 04:39:01.019,0.76694,0.76704,1.50,2.25
2018.05.21 04:39:04.183,0.76694,0.76703,1.50,1.00
2018.05.21 04:39:04.692,0.76695,0.76704,1.00,1.00
2018.05.21 04:39:07.343,0.76694,0.76703,1.50,1.00
2018.05.21 04:39:12.742,0.76694,0.76704,1.50,1.50
2018.05.21 04:39:14.495,0.76695,0.76704,1.00,1.00
2018.05.21 04:39:15.099,0.76695,0.76705,1.00,1.50
2018.05.21 04:39:15.427,0.76697,0.76706,1.00,1.00
2018.05.21 04:39:15.997,0.76696,0.76706,1.50,1.50
2018.05.21 04:39:16.538,0.76697,0.76706,1.00,1.00
2018.05.21 04:39:20.916,0.76697,0.76707,1.00,3.75
2018.05.21 04:39:22.582,0.76699,0.76708,1.00,1.50
2018.05.21 04:39:22.836,0.767,0.7671,1.00,3.00
2018.05.21 04:39:24.039,0.76699,0.76708,1.00,1.00
2018.05.21 04:39:24.288,0.767,0.7671,1.00,3.75
2018.05.21 04:39:24.795,0.76701,0.7671,1.00,1.50
2018.05.21 04:39:30.201,0.76702,0.76711,1.00,1.00
2018.05.21 04:39:30.714,0.76701,0.7671,1.50,1.00
2018.05.21 04:39:31.223,0.76702,0.76711,1.00,1.50
2018.05.21 04:39:34.210,0.76701,0.7671,3.00,1.00
2018.05.21 04:39:35.993,0.76702,0.76711,1.00,1.00
2018.05.21 04:39:36.577,0.76701,0.7671,3.00,1.00
2018.05.21 04:39:38.072,0.76701,0.76707,1.50,1.00
2018.05.21 04:39:38.174,0.76697,0.76704,1.00,1.00
2018.05.21 04:39:38.229,0.76695,0.76704,1.50,1.00
2018.05.21 04:39:38.455,0.76697,0.76706,1.00,1.50
2018.05.21 04:39:43.462,0.76698,0.76706,1.00,1.00
2018.05.21 04:39:43.564,0.76698,0.76708,1.00,3.00
2018.05.21 04:39:44.066,0.76697,0.76707,1.50,1.50
2018.05.21 04:39:44.413,0.76699,0.76708,3.22,1.50
2018.05.21 04:39:44.730,0.76704,0.76713,1.00,1.50
2018.05.21 04:39:47.650,0.76703,0.76713,1.00,1.50
2018.05.21 04:39:48.214,0.76703,0.76712,1.00,1.50
2018.05.21 04:39:52.268,0.76702,0.76711,1.00,1.00
2018.05.21 04:39:52.875,0.76703,0.76712,1.00,1.50
2018.05.21 04:39:57.197,0.76701,0.76711,1.50,1.00
2018.05.21 04:39:58.473,0.76701,0.7671,1.50,1.00
2018.05.21 04:39:58.975,0.767,0.76709,1.00,1.00
2018.05.21 04:39:59.139,0.76698,0.76707,1.00,2.25
2018.05.21 04:39:59.856,0.76698,0.76706,1.00,1.00
2018.05.21 04:40:00.382,0.76697,0.76706,1.00,1.50
2018.05.21 04:40:07.068,0.76697,0.76705,1.00,1.00
2018.05.21 04:40:08.039,0.76697,0.76706,1.00,3.00
2018.05.21 04:40:08.667,0.76697,0.76705,1.00,1.00
2018.05.21 04:40:09.200,0.76697,0.76706,1.00,3.00
2018.05.21 04:40:16.939,0.76697,0.76705,1.00,1.00
2018.05.21 04:40:20.303,0.76696,0.76705,1.00,1.00
2018.05.21 04:40:20.940,0.76696,0.76706,1.00,3.00
2018.05.21 04:40:26.517,0.76697,0.76706,1.00,1.50
2018.05.21 04:40:27.090,0.76696,0.76706,1.00,1.50
2018.05.21 04:40:27.685,0.76696,0.76705,1.00,1.00
2018.05.21 04:40:32.560,0.76695,0.76705,1.00,1.00
2018.05.21 04:40:33.113,0.76696,0.76705,1.00,1.00
2018.05.21 04:40:53.388,0.76695,0.76704,1.00,1.00
2018.05.21 04:40:53.992,0.76696,0.76705,1.00,1.50
2018.05.21 04:41:01.082,0.76696,0.76706,1.00,2.25
2018.05.21 04:41:02.741,0.76697,0.76706,1.00,1.50
2018.05.21 04:41:07.537,0.76696,0.76706,1.50,2.25
2018.05.21 04:41:12.920,0.76696,0.76705,1.00,1.00
2018.05.21 04:41:15.992,0.76696,0.76704,1.00,1.00
2018.05.21 04:41:16.095,0.76694,0.76703,1.00,1.00
2018.05.21 04:41:28.612,0.76691,0.76701,2.25,1.00
2018.05.21 04:41:29.145,0.76691,0.767,1.50,1.00
2018.05.21 04:41:29.756,0.76691,0.76701,1.50,2.25
2018.05.21 04:41:30.372,0.7669,0.767,1.00,1.00
2018.05.21 04:41:32.744,0.76691,0.767,1.00,1.00
2018.05.21 04:41:38.327,0.7669,0.767,1.00,1.00
2018.05.21 04:41:40.525,0.7669,0.76699,1.00,1.00
2018.05.21 04:41:41.057,0.76689,0.76699,1.00,1.50
2018.05.21 04:41:41.569,0.7669,0.767,1.00,1.00
2018.05.21 04:41:41.860,0.76692,0.76701,1.00,1.00
2018.05.21 04:41:51.289,0.76693,0.76701,1.00,1.00
2018.05.21 04:41:52.372,0.76692,0.76701,1.12,1.00
2018.05.21 04:41:53.757,0.76694,0.76701,1.00,1.00
2018.05.21 04:41:54.097,0.76694,0.76703,1.00,3.00
2018.05.21 04:41:55.084,0.76695,0.76705,1.00,3.00
2018.05.21 04:41:55.391,0.76698,0.76707,1.00,2.25
2018.05.21 04:41:55.595,0.76693,0.76703,2.25,2.25
2018.05.21 04:41:56.137,0.76694,0.76703,1.00,1.50
2018.05.21 04:41:56.638,0.76693,0.76703,1.00,2.25
2018.05.21 04:42:00.269,0.76694,0.76703,1.00,1.00
2018.05.21 04:42:00.572,0.76695,0.76705,1.00,2.25
2018.05.21 04:42:03.708,0.76694,0.76704,1.50,1.00
2018.05.21 04:42:07.681,0.76695,0.76705,1.00,1.00
2018.05.21 04:42:07.885,0.76697,0.76706,1.00,1.50
2018.05.21 04:42:07.937,0.76695,0.76705,2.25,1.00
2018.05.21 04:42:08.459,0.76695,0.76704,1.50,1.00
2018.05.21 04:42:09.068,0.76695,0.76703,1.00,1.00
2018.05.21 04:42:12.092,0.76694,0.76703,1.00,1.00
2018.05.21 04:42:12.793,0.76693,0.76703,1.50,1.00
2018.05.21 04:42:18.794,0.76693,0.76702,1.00,1.00
2018.05.21 04:42:19.306,0.76693,0.76703,1.50,2.25
2018.05.21 04:42:21.041,0.76694,0.76703,1.00,2.25
2018.05.21 04:42:29.560,0.76694,0.76704,1.00,2.25
2018.05.21 04:42:30.764,0.76694,0.76703,1.00,1.00
2018.05.21 04:42:33.795,0.76694,0.76704,1.00,2.25
2018.05.21 04:42:34.652,0.76693,0.76702,1.00,1.00
2018.05.21 04:42:41.993,0.76693,0.76703,1.00,1.50
2018.05.21 04:42:44.978,0.76693,0.76702,1.00,1.00
2018.05.21 04:42:45.788,0.76692,0.76702,1.00,1.50
2018.05.21 04:42:48.268,0.76693,0.76702,1.00,1.00
2018.05.21 04:42:49.569,0.76693,0.76703,1.00,3.00
2018.05.21 04:42:56.990,0.76694,0.76703,1.00,1.00
2018.05.21 04:42:57.493,0.76694,0.76704,1.00,1.00
2018.05.21 04:42:58.750,0.76695,0.76704,1.00,1.00
2018.05.21 04:42:59.548,0.76695,0.76705,1.00,3.00
2018.05.21 04:43:04.720,0.76696,0.76705,1.00,1.50
2018.05.21 04:43:06.948,0.76695,0.76705,2.25,1.50
2018.05.21 04:43:08.695,0.76696,0.76705,1.00,1.50
2018.05.21 04:43:08.922,0.76694,0.76704,2.25,1.50
2018.05.21 04:43:09.442,0.76694,0.76703,1.00,1.00
2018.05.21 04:43:10.418,0.76695,0.76704,1.00,1.00
2018.05.21 04:43:10.936,0.76695,0.76705,1.00,3.00
2018.05.21 04:43:13.897,0.76694,0.76704,1.50,1.50
2018.05.21 04:43:15.269,0.76695,0.76704,1.00,1.50
2018.05.21 04:43:16.270,0.76695,0.76705,1.50,2.25
2018.05.21 04:43:16.809,0.76695,0.76704,1.00,1.00
2018.05.21 04:43:18.259,0.76693,0.76703,2.25,1.00
2018.05.21 04:43:19.313,0.76694,0.76703,1.00,1.00
2018.05.21 04:43:20.940,0.76693,0.76703,2.25,1.00
2018.05.21 04:43:23.401,0.76693,0.76703,2.62,1.00
2018.05.21 04:43:24.937,0.76694,0.76704,1.12,1.00
2018.05.21 04:43:28.988,0.76693,0.76703,2.62,1.00
2018.05.21 04:43:29.700,0.76693,0.76703,2.25,1.00
2018.05.21 04:43:31.844,0.76693,0.76702,1.00,1.00
2018.05.21 04:43:32.671,0.76692,0.76702,3.00,1.50
2018.05.21 04:43:33.500,0.76692,0.76701,3.00,1.00
2018.05.21 04:43:34.008,0.76693,0.76702,1.50,1.00
2018.05.21 04:43:39.005,0.76693,0.76703,1.50,1.00
2018.05.21 04:43:40.896,0.76694,0.76703,1.00,1.00
2018.05.21 04:43:44.049,0.76693,0.76703,1.50,1.00
2018.05.21 04:43:44.558,0.76694,0.76703,1.00,1.00
2018.05.21 04:43:45.524,0.76693,0.76703,3.00,1.00
2018.05.21 04:43:46.687,0.76693,0.76702,1.50,1.00
2018.05.21 04:43:47.206,0.76693,0.76701,1.00,1.00
2018.05.21 04:43:47.869,0.76692,0.76701,2.25,1.00
2018.05.21 04:43:51.697,0.76693,0.76702,1.00,1.00
2018.05.21 04:43:51.901,0.76694,0.76704,1.00,1.50
2018.05.21 04:43:52.442,0.76695,0.76704,1.00,1.50
2018.05.21 04:43:53.177,0.76694,0.76703,1.00,1.00
2018.05.21 04:43:53.761,0.76694,0.76704,1.00,1.00
2018.05.21 04:43:54.287,0.76693,0.76703,1.50,1.00
2018.05.21 04:44:03.221,0.76693,0.76701,1.00,1.00
2018.05.21 04:44:03.272,0.76693,0.76703,1.00,1.00
2018.05.21 04:44:04.096,0.76694,0.76703,1.00,1.00
2018.05.21 04:44:04.668,0.76694,0.76704,1.00,1.00
2018.05.21 04:44:06.152,0.76694,0.76703,1.00,1.00
2018.05.21 04:44:06.254,0.76692,0.76702,1.50,1.50
2018.05.21 04:44:07.892,0.76693,0.76702,1.00,1.50
2018.05.21 04:44:09.644,0.76694,0.76704,1.00,2.25
2018.05.21 04:44:22.027,0.76695,0.76705,1.00,3.00
2018.05.21 04:44:22.337,0.76694,0.76703,1.00,1.00
2018.05.21 04:44:23.008,0.76694,0.76704,1.00,3.00
2018.05.21 04:44:23.698,0.76695,0.76704,1.00,3.00
2018.05.21 04:44:24.351,0.76695,0.76703,1.00,1.00
2018.05.21 04:44:25.703,0.76694,0.76703,1.00,1.00
2018.05.21 04:44:39.767,0.76693,0.76702,1.00,1.00
2018.05.21 04:44:39.973,0.76691,0.76701,1.00,1.50
2018.05.21 04:44:40.696,0.7669,0.767,1.50,1.00
2018.05.21 04:44:41.206,0.7669,0.76699,1.00,1.00
2018.05.21 04:44:43.015,0.7669,0.767,1.00,1.50
2018.05.21 04:44:43.168,0.76689,0.76698,1.00,1.00
2018.05.21 04:44:43.785,0.76688,0.76698,2.25,1.50
2018.05.21 04:44:48.763,0.76689,0.76698,1.00,1.50
2018.05.21 04:44:49.361,0.76688,0.76698,1.50,1.50
2018.05.21 04:44:50.020,0.76688,0.76697,1.50,1.00
2018.05.21 04:44:56.359,0.76687,0.76697,1.00,2.25
2018.05.21 04:45:02.673,0.76688,0.76697,1.00,2.25
2018.05.21 04:45:05.255,0.76686,0.76696,2.25,1.00
2018.05.21 04:45:22.460,0.76687,0.76697,1.00,2.25
2018.05.21 04:45:23.249,0.76687,0.76696,1.00,1.00
2018.05.21 04:45:24.791,0.76686,0.76696,2.25,1.50
2018.05.21 04:45:25.005,0.76688,0.76695,1.00,1.00
2018.05.21 04:45:31.733,0.76686,0.76695,2.25,1.00
2018.05.21 04:45:32.268,0.76686,0.76694,1.50,1.00
2018.05.21 04:45:35.051,0.76687,0.76694,1.00,1.00
2018.05.21 04:45:37.011,0.76686,0.76694,1.50,1.00
2018.05.21 04:45:37.618,0.76685,0.76693,1.00,1.00
2018.05.21 04:45:38.099,0.76689,0.76693,1.00,1.00
2018.05.21 04:45:38.149,0.76688,0.76697,2.85,1.50
2018.05.21 04:45:38.255,0.76691,0.76698,1.00,1.00
2018.05.21 04:45:38.356,0.76693,0.76701,1.50,1.00
2018.05.21 04:45:38.523,0.76694,0.76703,1.00,1.00
2018.05.21 04:45:39.037,0.76695,0.76703,1.00,1.00
2018.05.21 04:45:39.567,0.76694,0.76703,1.50,1.00
2018.05.21 04:45:40.257,0.76694,0.76704,1.50,1.50
2018.05.21 04:45:44.428,0.76698,0.76704,1.00,1.00
2018.05.21 04:45:44.479,0.76698,0.76706,1.00,1.50
2018.05.21 04:45:44.531,0.76699,0.76708,1.00,2.25
2018.05.21 04:45:44.840,0.76698,0.76706,1.00,1.00
2018.05.21 04:45:45.153,0.76698,0.76708,1.50,2.25
2018.05.21 04:45:46.202,0.76697,0.76706,1.50,1.00
2018.05.21 04:45:46.556,0.76695,0.76705,1.50,1.50
2018.05.21 04:45:47.186,0.76696,0.76705,1.00,1.00
2018.05.21 04:45:47.724,0.76697,0.76705,1.50,1.00
2018.05.21 04:45:48.271,0.76698,0.76707,1.00,2.25
2018.05.21 04:45:49.299,0.76698,0.76708,1.50,1.50
2018.05.21 04:45:49.907,0.76699,0.76708,1.00,1.50
2018.05.21 04:46:00.253,0.76697,0.76706,1.00,1.00
2018.05.21 04:46:00.458,0.76695,0.76705,1.50,1.50
2018.05.21 04:46:05.311,0.76694,0.76704,1.00,1.00
2018.05.21 04:46:05.414,0.76694,0.76702,1.00,1.00
2018.05.21 04:46:06.008,0.76693,0.76702,1.00,1.00
2018.05.21 04:46:13.038,0.76693,0.76701,1.00,1.00
2018.05.21 04:46:20.051,0.76692,0.76701,1.50,1.00
2018.05.21 04:46:32.169,0.76693,0.76701,1.00,1.00
2018.05.21 04:46:33.515,0.76693,0.76702,1.00,1.50
2018.05.21 04:46:35.451,0.76692,0.76702,1.00,3.00
2018.05.21 04:46:39.718,0.76693,0.76703,1.00,3.00
2018.05.21 04:46:40.680,0.76692,0.76702,1.50,1.00
2018.05.21 04:46:41.183,0.76693,0.76703,1.00,2.25
2018.05.21 04:46:46.948,0.76694,0.76703,1.00,1.00
2018.05.21 04:46:47.574,0.76694,0.76704,1.00,1.50
2018.05.21 04:46:48.299,0.76695,0.76705,1.00,2.25
2018.05.21 04:46:50.087,0.76696,0.76705,1.00,1.50
2018.05.21 04:46:54.911,0.76696,0.76704,1.00,1.00
2018.05.21 04:46:59.524,0.76695,0.76704,1.00,1.00
2018.05.21 04:47:00.072,0.76695,0.76703,1.00,1.00
2018.05.21 04:47:01.608,0.76694,0.76703,2.25,1.00
2018.05.21 04:47:02.326,0.76694,0.76702,1.00,1.00
2018.05.21 04:47:02.988,0.76694,0.76701,1.00,1.00
2018.05.21 04:47:07.404,0.76693,0.76701,1.00,1.00
2018.05.21 04:47:08.089,0.76695,0.76701,1.00,1.00
2018.05.21 04:47:08.140,0.76693,0.76701,2.25,1.00
2018.05.21 04:47:08.740,0.76693,0.76702,1.50,1.00
2018.05.21 04:47:10.039,0.76693,0.76701,1.50,1.00
2018.05.21 04:47:10.579,0.76693,0.76702,1.50,1.00
2018.05.21 04:47:17.705,0.76695,0.76702,1.00,1.00
2018.05.21 04:47:18.113,0.76696,0.76704,1.00,1.00
2018.05.21 04:47:25.824,0.76694,0.76704,3.75,1.50
2018.05.21 04:47:26.138,0.76696,0.76704,1.00,1.00
2018.05.21 04:47:30.969,0.76694,0.76703,1.00,1.00
2018.05.21 04:47:31.537,0.76694,0.76702,1.00,1.00
2018.05.21 04:47:38.976,0.76695,0.76702,1.00,1.00
2018.05.21 04:47:39.488,0.76696,0.76703,1.00,1.00
2018.05.21 04:47:40.111,0.76694,0.76703,3.00,1.50
2018.05.21 04:47:40.366,0.76696,0.76703,1.00,1.00
2018.05.21 04:47:41.444,0.76696,0.76704,1.00,1.00
2018.05.21 04:47:42.681,0.76698,0.76705,1.00,1.00
2018.05.21 04:47:43.213,0.76698,0.76704,1.00,1.00
2018.05.21 04:47:43.316,0.76696,0.76704,1.50,1.00
2018.05.21 04:47:43.825,0.76695,0.76704,3.00,1.00
2018.05.21 04:47:44.331,0.76697,0.76704,1.00,1.00
2018.05.21 04:47:48.203,0.76699,0.76704,1.00,1.00
2018.05.21 04:48:04.287,0.76697,0.76704,1.00,1.00
2018.05.21 04:48:04.536,0.76695,0.76704,2.25,1.00
2018.05.21 04:48:05.081,0.76695,0.76703,1.00,1.00
2018.05.21 04:48:10.412,0.76695,0.76704,1.50,1.00
2018.05.21 04:48:11.928,0.76697,0.76704,1.00,1.00
2018.05.21 04:48:18.747,0.76697,0.76705,1.00,1.00
2018.05.21 04:48:20.176,0.76699,0.76707,1.00,1.50
2018.05.21 04:48:20.722,0.767,0.76708,1.50,1.00
2018.05.21 04:48:21.307,0.767,0.76707,1.00,1.00
2018.05.21 04:48:22.040,0.767,0.76708,1.00,1.00
2018.05.21 04:48:22.582,0.76699,0.76708,1.00,1.00
2018.05.21 04:48:23.138,0.76699,0.76709,1.00,2.25
2018.05.21 04:48:26.379,0.767,0.76709,1.00,1.00
2018.05.21 04:48:26.936,0.767,0.7671,1.50,1.50
2018.05.21 04:48:27.450,0.76701,0.7671,1.00,1.50
2018.05.21 04:48:30.159,0.767,0.7671,1.50,1.00
2018.05.21 04:48:30.939,0.767,0.76709,1.00,1.00
2018.05.21 04:48:31.477,0.76701,0.76708,1.00,1.00
2018.05.21 04:48:34.669,0.76699,0.76708,2.25,1.00
2018.05.21 04:48:34.720,0.76701,0.76708,1.00,1.00
2018.05.21 04:48:34.861,0.76698,0.76706,1.00,1.00
2018.05.21 04:48:34.913,0.767,0.7671,1.50,1.50
2018.05.21 04:48:35.015,0.767,0.76708,1.00,1.50
2018.05.21 04:48:35.067,0.76698,0.76708,2.25,1.50
2018.05.21 04:48:36.164,0.76698,0.76709,1.50,1.50
2018.05.21 04:48:36.675,0.76698,0.76708,1.50,2.25
2018.05.21 04:48:37.588,0.76699,0.76708,1.00,1.50
2018.05.21 04:48:39.527,0.767,0.76708,1.50,1.00
2018.05.21 04:48:42.873,0.767,0.76709,1.00,1.00
2018.05.21 04:48:43.880,0.767,0.76708,1.00,1.00
2018.05.21 04:48:46.708,0.767,0.76707,1.00,1.00
2018.05.21 04:48:50.021,0.76698,0.76707,1.50,1.00
2018.05.21 04:48:50.558,0.76698,0.76706,1.50,1.00
2018.05.21 04:49:00.725,0.76703,0.7671,1.50,1.00
2018.05.21 04:49:00.778,0.76705,0.76714,1.00,1.50
2018.05.21 04:49:00.829,0.76707,0.76714,1.00,1.00
2018.05.21 04:49:01.607,0.76707,0.76715,1.00,1.50
2018.05.21 04:49:02.272,0.76707,0.76716,1.50,1.00
2018.05.21 04:49:06.565,0.76709,0.76716,1.00,1.00
2018.05.21 04:49:09.287,0.76706,0.76715,1.00,1.00
2018.05.21 04:49:13.158,0.76705,0.76715,3.00,1.00
2018.05.21 04:49:13.707,0.76705,0.76714,2.25,1.00
2018.05.21 04:49:15.379,0.76707,0.76714,1.00,1.00
2018.05.21 04:49:15.788,0.76707,0.76712,1.00,1.00
2018.05.21 04:49:15.839,0.76705,0.76713,1.50,1.00
2018.05.21 04:49:15.993,0.76702,0.76712,2.25,1.50
2018.05.21 04:49:16.525,0.76705,0.76713,1.00,1.50
2018.05.21 04:49:20.850,0.76708,0.76713,1.00,1.50
2018.05.21 04:49:20.952,0.76709,0.76717,1.00,1.50
2018.05.21 04:49:24.759,0.76709,0.76716,1.00,1.00
2018.05.21 04:49:25.389,0.76707,0.76716,2.25,1.00
2018.05.21 04:49:31.162,0.76709,0.76716,1.00,1.00
2018.05.21 04:49:31.214,0.76709,0.76718,1.50,1.00
2018.05.21 04:49:31.317,0.76705,0.76714,1.00,1.00
2018.05.21 04:49:31.368,0.76706,0.76716,1.50,1.50
2018.05.21 04:49:31.425,0.76706,0.76714,1.00,1.00
2018.05.21 04:49:31.733,0.76704,0.76712,2.25,1.00
2018.05.21 04:49:33.505,0.76706,0.76713,1.00,1.00
2018.05.21 04:49:34.019,0.76706,0.76714,2.25,1.00
2018.05.21 04:49:34.591,0.76707,0.76715,1.00,1.00
2018.05.21 04:49:35.640,0.76707,0.76716,1.00,1.00
2018.05.21 04:49:37.568,0.76706,0.76716,1.50,1.50
2018.05.21 04:49:38.897,0.76707,0.76717,1.00,2.25
2018.05.21 04:49:39.410,0.76708,0.76718,1.00,1.50
2018.05.21 04:49:46.048,0.76709,0.76718,1.00,1.00
2018.05.21 04:49:53.921,0.76708,0.76718,1.50,1.50
2018.05.21 04:49:55.152,0.76706,0.76716,1.50,1.50
2018.05.21 04:49:55.456,0.76705,0.76714,1.00,1.00
2018.05.21 04:50:07.879,0.76706,0.76714,1.50,1.00
2018.05.21 04:50:07.930,0.76707,0.76716,1.00,1.00
2018.05.21 04:50:08.276,0.76709,0.76717,1.50,1.00
2018.05.21 04:50:08.824,0.76709,0.76718,1.50,1.50
2018.05.21 04:50:09.357,0.76708,0.76718,1.00,2.25
2018.05.21 04:50:15.843,0.76708,0.76717,1.00,1.00
2018.05.21 04:50:16.217,0.76706,0.76715,1.50,1.00
2018.05.21 04:50:16.739,0.76705,0.76714,1.00,1.50
2018.05.21 04:50:17.430,0.76704,0.76714,2.25,1.50
2018.05.21 04:50:20.137,0.76704,0.76713,1.00,1.00
2018.05.21 04:50:20.681,0.76703,0.76713,1.50,1.50
2018.05.21 04:50:32.571,0.76702,0.76712,1.00,1.00
2018.05.21 04:50:33.079,0.76702,0.76711,1.00,1.00
2018.05.21 04:50:34.335,0.767,0.7671,1.00,1.50
2018.05.21 04:50:34.846,0.767,0.76709,1.00,1.00
2018.05.21 04:50:37.869,0.767,0.7671,1.00,1.50
2018.05.21 04:50:38.089,0.76702,0.7671,1.00,1.00
2018.05.21 04:50:38.700,0.76703,0.7671,1.00,1.00
2018.05.21 04:50:39.185,0.76703,0.76712,1.00,1.50
2018.05.21 04:50:39.795,0.76702,0.76712,1.00,3.00
2018.05.21 04:50:45.278,0.76703,0.76712,1.00,2.25
2018.05.21 04:50:46.068,0.76703,0.76713,1.00,2.25
2018.05.21 04:50:48.467,0.76703,0.76712,1.00,1.00
2018.05.21 04:50:49.039,0.76703,0.76711,1.00,1.00
2018.05.21 04:50:50.189,0.76704,0.76711,1.00,1.00
2018.05.21 04:50:50.712,0.76705,0.76711,1.00,1.00
2018.05.21 04:50:53.002,0.76705,0.76713,1.00,1.00
2018.05.21 04:51:02.365,0.76705,0.76714,1.00,1.00
2018.05.21 04:51:02.637,0.76704,0.76712,1.00,1.00
2018.05.21 04:51:03.227,0.76705,0.76712,1.00,1.00
2018.05.21 04:51:28.927,0.76704,0.76712,1.00,1.00
2018.05.21 04:51:54.614,0.76705,0.76712,1.00,1.00
2018.05.21 04:51:54.878,0.76706,0.76714,1.50,1.00
2018.05.21 04:51:54.980,0.76707,0.76716,2.10,1.00
2018.05.21 04:51:55.032,0.7671,0.76717,1.00,1.50
2018.05.21 04:51:55.213,0.76711,0.76719,1.00,1.00
2018.05.21 04:51:55.719,0.76711,0.7672,1.00,2.25
2018.05.21 04:51:55.923,0.7671,0.76717,1.00,1.00
2018.05.21 04:51:56.245,0.76708,0.76717,1.35,1.00
2018.05.21 04:51:56.771,0.76709,0.76717,1.00,1.00
2018.05.21 04:51:57.338,0.76709,0.76718,1.00,1.00
2018.05.21 04:51:58.984,0.76712,0.76718,1.00,1.00
2018.05.21 04:51:59.035,0.76713,0.76721,1.00,1.50
2018.05.21 04:52:00.213,0.76711,0.76721,1.00,2.25
2018.05.21 04:52:00.264,0.76713,0.76721,1.00,1.50
2018.05.21 04:52:03.917,0.76713,0.76723,1.00,1.50
2018.05.21 04:52:04.070,0.76715,0.76723,1.00,1.00
2018.05.21 04:52:04.669,0.76715,0.76724,1.00,1.50
2018.05.21 04:52:05.429,0.76715,0.76725,1.00,2.25
2018.05.21 04:52:06.587,0.76715,0.76724,1.00,1.00
2018.05.21 04:52:07.543,0.76715,0.76723,1.00,1.00
2018.05.21 04:52:10.066,0.76716,0.76723,1.00,1.00
2018.05.21 04:52:10.679,0.76715,0.76723,1.00,1.00
2018.05.21 04:52:15.277,0.76717,0.76723,1.00,1.00
2018.05.21 04:52:15.328,0.76715,0.76723,1.00,1.00
2018.05.21 04:52:15.490,0.76717,0.76724,1.00,1.00
2018.05.21 04:52:16.191,0.76717,0.76725,1.00,1.50
2018.05.21 04:52:16.242,0.76715,0.76725,1.35,2.25
2018.05.21 04:52:16.769,0.76716,0.76724,1.00,1.00
2018.05.21 04:52:17.289,0.76715,0.76723,1.00,1.00
2018.05.21 04:52:17.792,0.76714,0.76723,1.00,1.00
2018.05.21 04:52:19.428,0.76714,0.76722,1.00,1.00
2018.05.21 04:52:19.886,0.76715,0.76725,1.00,2.25
2018.05.21 04:52:20.090,0.76715,0.76722,1.00,1.00
2018.05.21 04:52:20.610,0.76714,0.76722,1.00,1.00
2018.05.21 04:52:22.850,0.76715,0.76724,1.00,1.00
2018.05.21 04:52:23.359,0.76716,0.76725,1.00,1.50
2018.05.21 04:52:23.924,0.76714,0.76724,1.50,1.00
2018.05.21 04:52:24.129,0.76719,0.76726,1.00,1.50
2018.05.21 04:52:24.181,0.76715,0.76725,1.50,1.00
2018.05.21 04:52:24.418,0.76719,0.76725,1.00,1.00
2018.05.21 04:52:24.939,0.76718,0.76726,1.00,1.00
2018.05.21 04:52:25.512,0.76719,0.76726,1.00,1.00
2018.05.21 04:52:25.616,0.7672,0.76728,1.00,1.00
2018.05.21 04:52:25.667,0.7672,0.7673,1.00,1.50
2018.05.21 04:52:26.187,0.7672,0.76729,1.50,1.00
2018.05.21 04:52:26.699,0.7672,0.7673,1.50,1.50
2018.05.21 04:52:28.015,0.76721,0.7673,1.00,1.00
2018.05.21 04:52:30.152,0.76722,0.7673,1.00,1.00
2018.05.21 04:52:32.964,0.76722,0.76731,1.50,1.00
2018.05.21 04:52:33.015,0.76724,0.76731,1.00,1.00
2018.05.21 04:52:33.561,0.76724,0.76732,1.00,1.00
2018.05.21 04:52:34.090,0.76724,0.76733,1.00,1.00
2018.05.21 04:52:35.772,0.76725,0.76734,1.00,1.50
2018.05.21 04:52:36.271,0.76725,0.76732,1.00,1.00
2018.05.21 04:52:36.686,0.76723,0.76732,1.00,1.00
2018.05.21 04:52:44.838,0.76724,0.76732,1.00,1.00
2018.05.21 04:52:45.436,0.76723,0.76732,1.00,1.00
2018.05.21 04:52:45.980,0.76723,0.76731,1.00,1.00
2018.05.21 04:52:46.570,0.76723,0.76732,1.00,1.00
2018.05.21 04:52:47.106,0.76723,0.76731,1.00,1.00
2018.05.21 04:52:47.683,0.76723,0.76732,1.00,1.00
2018.05.21 04:52:50.996,0.76723,0.76733,1.00,1.50
2018.05.21 04:52:52.526,0.76724,0.76734,1.00,1.50
2018.05.21 04:52:53.679,0.76725,0.76735,1.00,2.25
2018.05.21 04:52:57.242,0.76724,0.76734,1.00,1.50
2018.05.21 04:52:57.785,0.76725,0.76734,1.00,1.00
2018.05.21 04:52:58.318,0.76726,0.76734,1.00,1.00
2018.05.21 04:52:59.606,0.76726,0.76735,1.00,1.00
2018.05.21 04:53:00.109,0.76725,0.76734,1.00,1.00
2018.05.21 04:53:01.063,0.76725,0.76735,1.00,2.25
2018.05.21 04:53:01.617,0.76725,0.76734,1.00,1.00
2018.05.21 04:53:04.642,0.76724,0.76734,1.00,1.50
2018.05.21 04:53:06.216,0.76724,0.76733,1.00,1.00
2018.05.21 04:53:07.438,0.76725,0.76734,1.00,1.50
2018.05.21 04:53:12.458,0.76724,0.76734,1.00,2.25
2018.05.21 04:53:13.829,0.76725,0.76734,1.00,1.50
2018.05.21 04:53:16.488,0.76723,0.76733,1.00,1.50
2018.05.21 04:53:16.591,0.76723,0.76731,1.00,1.00
2018.05.21 04:53:18.645,0.76723,0.76733,1.00,2.25
2018.05.21 04:53:24.921,0.76722,0.76732,1.00,1.00
2018.05.21 04:53:25.434,0.76722,0.76731,1.00,1.00
2018.05.21 04:53:26.372,0.7672,0.7673,1.50,1.00
2018.05.21 04:53:26.587,0.76719,0.76727,2.85,1.00
2018.05.21 04:53:27.366,0.76719,0.76728,2.85,1.00
2018.05.21 04:53:28.035,0.7672,0.7673,1.50,2.25
2018.05.21 04:53:28.639,0.76721,0.7673,1.00,1.00
2018.05.21 04:53:31.264,0.76721,0.76731,1.00,1.50
2018.05.21 04:53:31.607,0.76719,0.76729,3.75,1.00
2018.05.21 04:53:40.840,0.76719,0.76728,1.00,1.00
2018.05.21 04:53:43.327,0.7672,0.76728,1.00,1.00
2018.05.21 04:53:50.612,0.76719,0.76728,1.00,1.00
2018.05.21 04:53:52.726,0.76717,0.76727,1.50,1.50
2018.05.21 04:53:53.283,0.76716,0.76726,1.00,1.50
2018.05.21 04:54:01.934,0.76717,0.76727,1.00,2.25
2018.05.21 04:54:04.015,0.76718,0.76728,1.00,3.75
2018.05.21 04:54:04.524,0.76719,0.76729,1.00,1.00
2018.05.21 04:54:06.691,0.7672,0.7673,1.00,3.75
2018.05.21 04:54:15.948,0.76722,0.7673,1.00,1.00
2018.05.21 04:54:29.670,0.76721,0.7673,1.00,1.00
2018.05.21 04:54:30.216,0.76722,0.7673,1.00,1.00
2018.05.21 04:54:30.914,0.76723,0.7673,1.00,1.00
2018.05.21 04:54:30.966,0.76722,0.76732,1.00,3.00
2018.05.21 04:54:31.634,0.76723,0.76732,1.00,1.50
2018.05.21 04:54:36.547,0.76722,0.76732,1.00,1.50
2018.05.21 04:54:37.098,0.76722,0.76731,1.00,1.00
2018.05.21 04:54:42.947,0.76722,0.7673,1.00,1.00
2018.05.21 04:54:43.892,0.76723,0.76731,1.00,1.00
2018.05.21 04:54:44.498,0.76723,0.76732,1.00,1.50
2018.05.21 04:54:48.896,0.76722,0.76732,1.00,2.25
2018.05.21 04:54:49.152,0.76722,0.7673,1.00,1.00
2018.05.21 04:54:57.804,0.76721,0.7673,1.00,2.25
2018.05.21 04:54:58.163,0.7672,0.76728,1.00,1.00
2018.05.21 04:55:00.996,0.76719,0.76728,1.00,1.00
2018.05.21 04:55:01.516,0.76719,0.76729,1.00,1.00
2018.05.21 04:55:02.064,0.76719,0.76728,1.00,1.00
2018.05.21 04:55:02.780,0.76719,0.76729,1.00,1.50
2018.05.21 04:55:10.753,0.76719,0.76728,1.00,1.00
2018.05.21 04:55:13.834,0.7672,0.76728,1.00,1.00
2018.05.21 04:55:14.432,0.7672,0.76729,1.00,1.00
2018.05.21 04:55:15.898,0.7672,0.76728,1.00,1.00
2018.05.21 04:55:18.273,0.76719,0.76728,1.00,1.00
2018.05.21 04:55:18.954,0.7672,0.76728,1.00,1.00
2018.05.21 04:55:19.133,0.76718,0.76728,1.50,1.50
2018.05.21 04:55:19.670,0.76718,0.76727,1.50,1.00
2018.05.21 04:55:20.205,0.76718,0.76726,1.00,1.00
2018.05.21 04:55:20.409,0.76716,0.76726,1.50,1.50
2018.05.21 04:56:16.017,0.76716,0.76725,1.00,1.00
2018.05.21 04:56:20.708,0.76715,0.76725,1.50,1.00
2018.05.21 04:56:22.497,0.76716,0.76726,1.00,1.50
2018.05.21 04:56:33.515,0.76716,0.76727,1.00,1.50
2018.05.21 04:56:35.277,0.76715,0.76727,2.10,1.50
2018.05.21 04:56:35.789,0.76716,0.76726,1.00,1.00
2018.05.21 04:56:47.776,0.76719,0.76728,1.00,1.00
2018.05.21 04:56:48.342,0.76719,0.76729,1.00,2.25
2018.05.21 04:56:48.917,0.76718,0.76728,1.00,1.00
2018.05.21 04:56:59.517,0.76717,0.76728,2.25,1.50
2018.05.21 04:57:00.032,0.76717,0.76727,1.00,1.50
2018.05.21 04:57:07.946,0.76716,0.76727,2.25,1.50
2018.05.21 04:57:08.393,0.76718,0.76728,1.00,1.50
2018.05.21 04:57:14.558,0.76717,0.76728,2.25,1.50
2018.05.21 04:57:16.841,0.76718,0.76728,1.50,1.50
2018.05.21 04:57:40.001,0.76717,0.76728,3.60,1.00
2018.05.21 04:57:40.717,0.76717,0.76727,2.25,1.50
2018.05.21 04:58:04.412,0.76716,0.76726,1.00,1.00
2018.05.21 04:58:04.736,0.76721,0.76729,1.00,1.00
2018.05.21 04:58:04.788,0.76719,0.76729,1.00,1.00
2018.05.21 04:58:05.319,0.7672,0.76731,1.00,1.50
2018.05.21 04:58:17.271,0.76719,0.76728,1.50,1.00
2018.05.21 04:58:17.807,0.76718,0.76727,1.00,1.50
2018.05.21 04:58:19.920,0.76722,0.76728,1.00,1.00
2018.05.21 04:58:20.023,0.76724,0.76733,1.50,1.50
2018.05.21 04:58:20.533,0.76724,0.76734,1.50,1.00
2018.05.21 04:58:21.297,0.76725,0.76735,1.00,1.50
2018.05.21 04:58:21.800,0.76726,0.76735,1.00,1.00
2018.05.21 04:58:25.971,0.76728,0.76735,1.00,1.00
2018.05.21 04:58:34.015,0.76726,0.76735,1.00,1.00
2018.05.21 04:58:55.653,0.76726,0.76736,1.50,1.00
2018.05.21 04:59:05.471,0.76726,0.76735,1.00,1.00
2018.05.21 04:59:09.974,0.76725,0.76735,1.00,1.00
2018.05.21 04:59:10.180,0.76721,0.76728,1.00,1.50
2018.05.21 04:59:10.232,0.76716,0.76726,1.00,1.00
2018.05.21 04:59:10.841,0.76715,0.76726,1.00,3.00
2018.05.21 04:59:20.434,0.76715,0.76725,1.00,1.50
2018.05.21 04:59:33.284,0.76717,0.76725,1.00,1.50
2018.05.21 04:59:34.217,0.76715,0.76725,1.50,1.00
2018.05.21 04:59:37.590,0.76715,0.76726,1.50,1.50
2018.05.21 04:59:44.741,0.76716,0.76726,1.50,1.50
2018.05.21 04:59:45.928,0.76717,0.76727,1.00,3.00
2018.05.21 04:59:47.146,0.76718,0.76728,1.00,2.25
2018.05.21 04:59:47.687,0.76719,0.76729,1.00,2.25
2018.05.21 04:59:47.991,0.76717,0.76727,1.00,2.25
2018.05.21 04:59:48.503,0.76718,0.76728,1.00,2.25
2018.05.21 04:59:49.493,0.76719,0.76728,1.00,1.00
2018.05.21 04:59:50.006,0.7672,0.76728,1.00,1.00
2018.05.21 04:59:50.540,0.76719,0.76729,1.00,2.25
2018.05.21 04:59:51.168,0.76718,0.76727,1.00,1.00
2018.05.21 04:59:51.683,0.76718,0.76728,2.25,1.00
2018.05.21 04:59:52.935,0.76718,0.76727,1.00,1.00
2018.05.21 04:59:53.473,0.76718,0.76728,1.50,1.00
2018.05.21 04:59:54.176,0.76718,0.76727,1.00,1.00
2018.05.21 04:59:54.686,0.76718,0.76728,2.25,1.00
2018.05.21 04:59:55.300,0.76718,0.76727,1.00,1.00
2018.05.21 04:59:55.606,0.76721,0.7673,1.00,1.00
2018.05.21 04:59:55.916,0.76719,0.76728,1.00,1.00
2018.05.21 04:59:56.430,0.76718,0.76728,2.25,1.00
2018.05.21 04:59:57.469,0.76719,0.76728,1.00,1.00
2018.05.21 04:59:57.521,0.7672,0.7673,1.50,1.50
2018.05.21 04:59:58.031,0.76721,0.76731,1.00,1.50
2018.05.21 04:59:59.570,0.76721,0.76732,1.50,1.50
