2013.04.29 21:00:00.503,0.83715,0.8379,1.50,0.75
2013.04.29 21:00:00.752,0.83715,0.83799,1.50,0.75
2013.04.29 21:00:01.634,0.83715,0.83803,1.50,0.75
2013.04.29 21:00:02.054,0.83715,0.83801,0.75,1.50
2013.04.29 21:00:03.132,0.83697,0.8381,0.75,0.75
2013.04.29 21:00:03.320,0.83719,0.8381,0.75,0.75
2013.04.29 21:00:03.922,0.83718,0.8381,0.75,0.75
2013.04.29 21:00:04.474,0.83719,0.8381,0.75,0.75
2013.04.29 21:00:05.512,0.83699,0.8381,0.75,0.75
2013.04.29 21:00:06.068,0.83698,0.8381,0.75,0.75
2013.04.29 21:00:10.172,0.83698,0.83805,0.75,0.75
2013.04.29 21:00:10.487,0.83698,0.83802,0.75,0.75
2013.04.29 21:00:12.970,0.8369,0.83802,0.75,0.75
2013.04.29 21:00:14.252,0.83687,0.83783,0.75,0.75
2013.04.29 21:00:14.314,0.83684,0.83783,0.75,0.75
2013.04.29 21:00:18.831,0.83699,0.83783,0.75,0.75
2013.04.29 21:00:25.132,0.83706,0.8379,0.75,0.75
2013.04.29 21:00:34.199,0.83701,0.83781,0.75,0.75
2013.04.29 21:00:36.629,0.83701,0.8378,0.75,0.75
2013.04.29 21:00:37.038,0.83701,0.83777,0.75,0.75
2013.04.29 21:00:45.492,0.83708,0.83777,0.75,0.75
2013.04.29 21:00:46.552,0.83709,0.83777,0.75,0.75
2013.04.29 21:00:47.038,0.83723,0.8379,0.75,0.75
2013.04.29 21:00:49.882,0.83732,0.83793,0.75,0.75
2013.04.29 21:00:49.943,0.83732,0.83799,0.75,0.75
2013.04.29 21:00:53.605,0.83741,0.83802,0.75,0.75
2013.04.29 21:00:53.662,0.83741,0.83807,0.75,0.75
2013.04.29 21:00:55.164,0.83741,0.83806,0.75,0.75
2013.04.29 21:00:55.342,0.83712,0.83799,0.75,0.75
2013.04.29 21:00:55.472,0.83708,0.83799,0.75,0.75
2013.04.29 21:00:57.502,0.83709,0.83799,0.75,0.75
2013.04.29 21:00:57.684,0.83709,0.83783,0.75,0.75
2013.04.29 21:01:12.872,0.83708,0.83783,0.75,0.75
2013.04.29 21:01:13.172,0.83708,0.83771,0.75,0.75
2013.04.29 21:01:18.231,0.83703,0.83771,3.75,0.75
2013.04.29 21:01:18.492,0.83692,0.83771,0.75,1.50
2013.04.29 21:01:33.271,0.83687,0.83772,0.75,0.75
2013.04.29 21:01:40.383,0.83687,0.83771,0.75,0.75
2013.04.29 21:01:40.503,0.83699,0.83771,0.75,0.75
2013.04.29 21:01:40.668,0.83699,0.83777,0.75,0.75
2013.04.29 21:01:41.994,0.83699,0.83778,0.75,0.75
2013.04.29 21:01:42.374,0.83705,0.83779,1.50,0.75
2013.04.29 21:01:42.649,0.83707,0.83787,0.75,0.75
2013.04.29 21:01:44.123,0.83707,0.83776,0.75,0.75
2013.04.29 21:01:44.193,0.83699,0.83773,0.75,0.75
2013.04.29 21:01:44.253,0.83685,0.83772,0.75,0.75
2013.04.29 21:01:47.491,0.83685,0.83771,0.75,0.75
2013.04.29 21:02:04.564,0.83687,0.83771,0.75,0.75
2013.04.29 21:02:08.953,0.83687,0.83772,0.75,0.75
2013.04.29 21:02:09.395,0.83687,0.83769,0.75,0.75
2013.04.29 21:02:10.013,0.83687,0.83772,0.75,0.75
2013.04.29 21:02:10.568,0.83687,0.83773,0.75,0.75
2013.04.29 21:02:12.942,0.83687,0.83771,0.75,0.75
2013.04.29 21:02:19.983,0.83699,0.83776,1.50,0.75
2013.04.29 21:02:20.043,0.83701,0.83782,0.75,1.50
2013.04.29 21:02:21.154,0.83701,0.83783,0.75,0.75
2013.04.29 21:02:21.333,0.83703,0.83783,1.50,0.75
2013.04.29 21:02:21.573,0.83703,0.83785,1.50,0.75
2013.04.29 21:02:22.183,0.83703,0.83783,1.50,0.75
2013.04.29 21:02:22.303,0.83701,0.83783,0.75,0.75
2013.04.29 21:02:22.503,0.83701,0.83773,0.75,0.75
2013.04.29 21:02:25.453,0.83701,0.83772,0.75,0.75
2013.04.29 21:02:33.733,0.83701,0.83773,0.75,0.75
2013.04.29 21:02:34.138,0.83701,0.83771,0.75,0.75
2013.04.29 21:02:35.252,0.83701,0.8377,0.75,0.75
2013.04.29 21:02:35.448,0.83701,0.83781,0.75,0.75
2013.04.29 21:02:36.884,0.83701,0.83782,0.75,0.75
2013.04.29 21:02:37.553,0.83701,0.83785,0.75,3.75
2013.04.29 21:02:38.093,0.83698,0.83782,0.75,0.75
2013.04.29 21:02:38.466,0.83694,0.8377,0.75,0.75
2013.04.29 21:02:39.023,0.83683,0.83771,3.75,1.50
2013.04.29 21:02:39.828,0.83682,0.83771,0.75,0.75
2013.04.29 21:02:40.793,0.83675,0.83763,0.75,0.75
2013.04.29 21:03:01.282,0.83675,0.83765,0.75,1.50
2013.04.29 21:03:08.980,0.83655,0.83757,4.66,0.75
2013.04.29 21:03:09.344,0.83648,0.83746,4.66,0.75
2013.04.29 21:03:13.063,0.83648,0.83747,4.66,0.75
2013.04.29 21:03:13.833,0.83648,0.83746,4.66,0.75
2013.04.29 21:03:17.909,0.83646,0.83736,4.66,0.75
2013.04.29 21:03:27.393,0.83646,0.83733,4.66,0.75
2013.04.29 21:03:27.933,0.83651,0.83732,4.66,0.75
2013.04.29 21:03:40.459,0.83593,0.83733,4.66,0.75
2013.04.29 21:03:41.138,0.83593,0.83732,4.66,0.75
2013.04.29 21:03:46.764,0.83595,0.83732,4.66,0.75
2013.04.29 21:03:46.984,0.83595,0.83732,4.66,0.75
2013.04.29 21:03:47.044,0.83596,0.83732,4.66,0.75
2013.04.29 21:03:57.784,0.83597,0.83733,4.66,0.75
2013.04.29 21:03:58.316,0.83597,0.83732,4.66,0.75
2013.04.29 21:04:00.204,0.83597,0.83733,4.66,0.75
2013.04.29 21:04:07.333,0.83596,0.83735,4.65,2.25
2013.04.29 21:04:07.884,0.83596,0.83735,4.65,2.25
2013.04.29 21:04:10.563,0.83593,0.83735,4.65,2.25
2013.04.29 21:04:10.624,0.83594,0.83735,4.66,2.25
2013.04.29 21:04:15.293,0.83594,0.83733,4.65,2.25
2013.04.29 21:04:25.455,0.83595,0.83735,4.65,2.25
2013.04.29 21:04:30.213,0.83594,0.8373,4.65,2.25
2013.04.29 21:04:30.793,0.83592,0.8373,4.66,2.25
2013.04.29 21:04:31.305,0.83593,0.8373,4.65,2.25
2013.04.29 21:04:48.438,0.83593,0.83729,4.65,2.25
2013.04.29 21:04:48.803,0.83602,0.83735,4.65,2.25
2013.04.29 21:04:50.423,0.83602,0.83734,4.65,2.25
2013.04.29 21:04:51.244,0.83603,0.83734,4.66,2.25
2013.04.29 21:04:57.814,0.83596,0.83736,4.65,2.25
2013.04.29 21:04:58.693,0.83596,0.83735,4.65,2.25
2013.04.29 21:05:00.693,0.83596,0.83736,4.65,2.25
2013.04.29 21:05:00.973,0.8367,0.83747,1.50,7.50
2013.04.29 21:05:01.484,0.83629,0.83747,18.15,8.25
2013.04.29 21:05:03.473,0.83628,0.83748,18.15,8.25
2013.04.29 21:05:03.683,0.83625,0.83743,18.15,7.50
2013.04.29 21:05:04.013,0.83625,0.83741,18.15,3.75
2013.04.29 21:05:05.498,0.83624,0.8374,18.15,4.50
2013.04.29 21:05:08.907,0.83624,0.8374,10.65,3.75
2013.04.29 21:05:09.713,0.83644,0.8374,6.90,4.50
2013.04.29 21:05:11.923,0.83622,0.83739,18.15,4.50
2013.04.29 21:05:12.464,0.83657,0.83739,3.30,7.50
2013.04.29 21:05:13.333,0.83657,0.83738,3.30,7.50
2013.04.29 21:05:24.313,0.83657,0.83738,3.30,7.50
2013.04.29 21:05:25.958,0.83657,0.83739,3.30,7.50
2013.04.29 21:05:26.570,0.83657,0.83738,3.30,7.50
2013.04.29 21:05:28.868,0.83656,0.83738,3.30,7.50
2013.04.29 21:05:28.938,0.83655,0.83738,1.50,7.50
2013.04.29 21:05:31.364,0.83652,0.83738,1.50,7.50
2013.04.29 21:05:31.425,0.83652,0.83738,1.73,7.50
2013.04.29 21:05:40.314,0.83668,0.83738,1.50,3.75
2013.04.29 21:05:40.687,0.83668,0.83746,1.50,4.50
2013.04.29 21:05:44.534,0.83668,0.83706,1.50,0.75
2013.04.29 21:05:45.095,0.83621,0.83707,18.15,0.75
2013.04.29 21:05:45.426,0.8362,0.83702,18.15,0.75
2013.04.29 21:05:47.513,0.83618,0.83691,18.15,0.75
2013.04.29 21:05:47.573,0.83617,0.83691,18.16,0.75
2013.04.29 21:05:47.633,0.83616,0.83691,18.15,0.75
2013.04.29 21:05:51.813,0.83614,0.83691,18.16,0.75
2013.04.29 21:05:51.873,0.83614,0.83691,18.15,0.75
2013.04.29 21:05:53.773,0.83658,0.83702,1.50,0.75
2013.04.29 21:05:54.549,0.83658,0.83701,1.50,0.75
2013.04.29 21:05:55.230,0.83658,0.83702,1.50,0.75
2013.04.29 21:06:02.034,0.83661,0.83702,2.48,0.75
2013.04.29 21:06:02.102,0.8367,0.83747,1.50,15.75
2013.04.29 21:06:08.794,0.8367,0.83707,1.50,0.75
2013.04.29 21:06:22.255,0.83668,0.83707,1.50,0.75
2013.04.29 21:06:22.314,0.83667,0.83707,1.50,0.75
2013.04.29 21:06:26.575,0.83667,0.83706,1.50,0.75
2013.04.29 21:06:27.130,0.83667,0.83707,1.50,0.75
2013.04.29 21:06:27.494,0.83659,0.83707,1.50,0.75
2013.04.29 21:06:27.554,0.83661,0.83707,1.50,0.75
2013.04.29 21:06:28.139,0.83668,0.83707,1.50,0.75
2013.04.29 21:06:30.124,0.83668,0.83706,1.50,0.75
2013.04.29 21:06:36.227,0.83657,0.83706,3.08,0.75
2013.04.29 21:06:36.284,0.83659,0.83706,1.13,0.75
2013.04.29 21:06:45.765,0.83654,0.83706,2.25,0.75
2013.04.29 21:06:45.834,0.83657,0.83706,1.50,0.75
2013.04.29 21:06:46.319,0.83663,0.83707,1.50,0.75
2013.04.29 21:06:51.393,0.83663,0.83706,1.50,0.75
2013.04.29 21:06:54.257,0.83665,0.83735,1.88,1.13
2013.04.29 21:06:55.267,0.83663,0.83706,1.50,0.75
2013.04.29 21:06:56.103,0.83663,0.83707,1.50,0.75
2013.04.29 21:06:57.034,0.83663,0.83711,1.50,0.75
2013.04.29 21:06:57.234,0.83663,0.83706,1.50,0.75
2013.04.29 21:06:58.545,0.83663,0.83707,1.50,0.75
2013.04.29 21:06:59.375,0.83663,0.83706,1.50,0.75
2013.04.29 21:06:59.794,0.83659,0.83706,1.50,1.13
2013.04.29 21:07:03.324,0.83662,0.83713,1.50,1.13
2013.04.29 21:07:05.135,0.83663,0.83725,1.50,1.13
2013.04.29 21:07:06.034,0.83663,0.8374,1.50,1.13
2013.04.29 21:07:06.404,0.8366,0.8374,1.50,1.13
2013.04.29 21:07:15.094,0.8366,0.83742,1.50,8.25
2013.04.29 21:07:16.045,0.83672,0.83742,2.66,8.25
2013.04.29 21:07:16.104,0.83676,0.83742,1.28,8.25
2013.04.29 21:07:16.165,0.83683,0.83742,1.13,8.40
2013.04.29 21:07:16.494,0.83689,0.83746,1.13,1.28
2013.04.29 21:07:16.794,0.83673,0.83744,1.50,1.13
2013.04.29 21:07:16.915,0.83662,0.83742,1.13,5.63
2013.04.29 21:07:16.974,0.83662,0.83742,1.13,4.88
2013.04.29 21:07:19.355,0.83659,0.83735,1.50,1.13
2013.04.29 21:07:21.456,0.83659,0.83735,3.08,1.13
2013.04.29 21:07:21.634,0.83661,0.83726,1.50,1.13
2013.04.29 21:07:21.755,0.83659,0.83726,1.88,1.13
2013.04.29 21:07:21.814,0.83659,0.83726,1.13,1.13
2013.04.29 21:07:23.036,0.83654,0.83724,1.13,1.13
2013.04.29 21:07:24.494,0.83657,0.83724,1.13,1.13
2013.04.29 21:07:25.035,0.8366,0.83734,1.50,1.28
2013.04.29 21:07:28.016,0.8366,0.83727,1.13,1.13
2013.04.29 21:07:28.376,0.83664,0.83725,1.13,1.13
2013.04.29 21:07:28.735,0.83659,0.83702,2.25,1.13
2013.04.29 21:07:31.955,0.83659,0.83703,1.50,1.13
2013.04.29 21:07:34.515,0.83659,0.83731,1.50,2.25
2013.04.29 21:07:35.005,0.83662,0.83725,1.88,1.13
2013.04.29 21:07:35.422,0.83667,0.83725,1.13,1.13
2013.04.29 21:07:35.757,0.83661,0.83726,1.13,1.13
2013.04.29 21:07:36.515,0.83661,0.83726,1.13,1.13
2013.04.29 21:07:37.244,0.83669,0.83728,1.13,1.50
2013.04.29 21:07:37.775,0.83669,0.83729,1.13,1.88
2013.04.29 21:07:38.135,0.83653,0.83686,1.50,1.13
2013.04.29 21:07:38.501,0.83639,0.83677,1.50,1.13
2013.04.29 21:07:40.115,0.83639,0.83679,1.50,1.13
2013.04.29 21:07:40.447,0.83639,0.83686,1.50,1.13
2013.04.29 21:07:40.565,0.83639,0.83684,1.50,1.13
2013.04.29 21:07:41.174,0.83639,0.83681,1.50,1.13
2013.04.29 21:07:41.515,0.83602,0.83669,1.50,1.13
2013.04.29 21:07:41.727,0.83602,0.83667,1.50,1.13
2013.04.29 21:07:41.845,0.83632,0.83645,1.50,1.13
2013.04.29 21:07:42.085,0.8358,0.83638,2.33,1.13
2013.04.29 21:07:42.145,0.83593,0.83638,2.33,1.13
2013.04.29 21:07:42.325,0.83575,0.83638,1.50,1.13
2013.04.29 21:07:42.505,0.83588,0.83638,1.50,1.13
2013.04.29 21:07:42.850,0.83565,0.83638,1.50,1.13
2013.04.29 21:07:42.915,0.83584,0.83638,1.50,1.13
2013.04.29 21:07:43.155,0.83568,0.83638,1.50,1.13
2013.04.29 21:07:43.216,0.83568,0.83641,1.50,1.13
2013.04.29 21:07:43.414,0.83562,0.83641,1.50,1.13
2013.04.29 21:07:43.475,0.83567,0.83652,1.13,1.13
2013.04.29 21:07:43.595,0.83573,0.83652,1.50,1.13
2013.04.29 21:07:44.112,0.83574,0.83652,1.50,1.13
2013.04.29 21:07:44.306,0.83574,0.83657,1.88,1.13
2013.04.29 21:07:44.365,0.83574,0.83643,1.50,1.13
2013.04.29 21:07:44.746,0.83584,0.83643,1.50,1.13
2013.04.29 21:07:44.805,0.83569,0.83643,1.50,1.13
2013.04.29 21:07:44.865,0.83577,0.83643,2.33,1.13
2013.04.29 21:07:45.368,0.8357,0.83643,1.50,1.13
2013.04.29 21:07:45.434,0.83587,0.83643,1.50,1.13
2013.04.29 21:07:45.615,0.83574,0.83643,1.50,1.13
2013.04.29 21:07:45.715,0.83576,0.83643,1.50,1.13
2013.04.29 21:07:45.776,0.83581,0.8366,1.50,1.13
2013.04.29 21:07:46.355,0.83582,0.83647,1.50,1.13
2013.04.29 21:07:46.475,0.8357,0.83647,1.50,1.13
2013.04.29 21:07:46.534,0.83584,0.83647,1.50,1.13
2013.04.29 21:07:46.835,0.83591,0.83647,1.50,1.13
2013.04.29 21:07:46.895,0.83574,0.83647,1.50,1.13
2013.04.29 21:07:47.045,0.83584,0.83669,1.13,1.13
2013.04.29 21:07:47.105,0.83591,0.83669,1.50,1.13
2013.04.29 21:07:47.284,0.83589,0.83669,1.13,1.13
2013.04.29 21:07:47.345,0.83584,0.83669,1.13,1.13
2013.04.29 21:07:47.861,0.83589,0.83669,1.13,1.13
2013.04.29 21:07:48.104,0.83584,0.83669,1.88,1.13
2013.04.29 21:07:48.778,0.83586,0.8367,1.13,1.13
2013.04.29 21:07:49.153,0.83594,0.8368,1.13,1.13
2013.04.29 21:07:49.965,0.83594,0.8362,1.13,0.75
2013.04.29 21:07:50.467,0.83593,0.83619,1.88,0.75
2013.04.29 21:07:50.984,0.83582,0.83646,2.33,1.13
2013.04.29 21:07:51.045,0.83593,0.83612,1.50,0.75
2013.04.29 21:07:51.355,0.83588,0.83612,1.50,0.75
2013.04.29 21:07:51.415,0.83585,0.83612,1.50,0.75
2013.04.29 21:07:51.804,0.83582,0.83612,1.13,0.75
2013.04.29 21:07:51.865,0.83585,0.83612,1.50,0.75
2013.04.29 21:07:52.054,0.83582,0.83612,1.13,0.75
2013.04.29 21:07:52.405,0.83583,0.83612,1.13,0.75
2013.04.29 21:07:53.124,0.83582,0.83612,1.13,0.75
2013.04.29 21:07:53.185,0.83584,0.83612,1.50,0.75
2013.04.29 21:07:53.444,0.83582,0.83612,1.13,0.75
2013.04.29 21:07:53.505,0.83585,0.83612,1.50,0.75
2013.04.29 21:07:54.055,0.83586,0.83612,1.50,0.75
2013.04.29 21:07:56.594,0.83586,0.83607,1.50,0.75
2013.04.29 21:07:57.065,0.83565,0.83606,1.88,0.75
2013.04.29 21:07:57.124,0.83581,0.83606,1.50,0.75
2013.04.29 21:07:58.144,0.83581,0.83612,1.50,0.75
2013.04.29 21:07:58.204,0.83581,0.83612,1.73,0.75
2013.04.29 21:07:58.725,0.8357,0.83612,1.50,0.75
2013.04.29 21:07:58.844,0.83587,0.83612,1.50,0.75
2013.04.29 21:07:58.926,0.83579,0.83612,1.73,0.75
2013.04.29 21:07:58.987,0.83577,0.83612,1.50,0.75
2013.04.29 21:07:59.184,0.8357,0.83612,1.50,0.75
2013.04.29 21:07:59.244,0.83574,0.83612,2.33,0.75
2013.04.29 21:07:59.364,0.83569,0.83612,1.50,0.75
2013.04.29 21:07:59.484,0.83585,0.83612,1.50,0.75
2013.04.29 21:08:00.664,0.83573,0.83612,1.88,0.75
2013.04.29 21:08:00.724,0.83581,0.83612,1.50,0.75
2013.04.29 21:08:02.574,0.83581,0.83611,1.50,0.75
2013.04.29 21:08:03.895,0.83581,0.83612,1.50,0.75
2013.04.29 21:08:03.955,0.83577,0.83612,1.13,0.75
2013.04.29 21:08:04.016,0.83575,0.83607,1.50,0.75
2013.04.29 21:08:04.630,0.83575,0.83606,1.50,0.75
2013.04.29 21:08:04.755,0.83575,0.83634,1.50,1.13
2013.04.29 21:08:04.875,0.83566,0.83634,1.50,1.13
2013.04.29 21:08:05.725,0.83556,0.83624,2.33,1.13
2013.04.29 21:08:05.785,0.83554,0.83624,1.50,1.13
2013.04.29 21:08:06.341,0.83554,0.83624,1.50,1.13
2013.04.29 21:08:06.465,0.83549,0.83624,1.13,1.13
2013.04.29 21:08:06.525,0.83549,0.83618,1.50,1.13
2013.04.29 21:08:06.584,0.8354,0.83618,1.13,1.13
2013.04.29 21:08:08.704,0.83548,0.83628,1.13,1.13
2013.04.29 21:08:08.765,0.83564,0.83644,1.13,1.13
2013.04.29 21:08:08.944,0.83575,0.83671,1.13,1.13
2013.04.29 21:08:09.630,0.83578,0.83671,1.13,1.13
2013.04.29 21:08:11.054,0.83592,0.83682,1.50,1.13
2013.04.29 21:08:11.115,0.836,0.83682,1.50,1.13
2013.04.29 21:08:11.474,0.83633,0.83714,1.13,1.13
2013.04.29 21:08:12.055,0.83633,0.83714,1.13,1.13
2013.04.29 21:08:12.984,0.83633,0.83714,1.13,1.13
2013.04.29 21:08:13.546,0.83639,0.83718,1.13,1.13
2013.04.29 21:08:13.725,0.83639,0.83718,1.13,1.13
2013.04.29 21:08:13.784,0.83647,0.83724,1.13,1.13
2013.04.29 21:08:14.097,0.83653,0.83725,1.13,1.50
2013.04.29 21:08:17.119,0.83656,0.83726,1.13,1.50
2013.04.29 21:08:19.615,0.83656,0.83726,1.13,1.50
2013.04.29 21:08:19.874,0.83653,0.83725,1.13,1.50
2013.04.29 21:08:20.764,0.83653,0.83725,1.13,1.50
2013.04.29 21:08:21.334,0.83655,0.83725,1.13,1.50
2013.04.29 21:08:23.786,0.83655,0.83722,1.13,1.50
2013.04.29 21:08:25.195,0.83663,0.83722,1.13,1.50
2013.04.29 21:08:25.608,0.83684,0.83722,1.13,1.50
2013.04.29 21:08:25.940,0.83686,0.83737,1.13,1.50
2013.04.29 21:08:26.444,0.83685,0.8374,1.13,1.65
2013.04.29 21:08:26.827,0.8369,0.83742,1.13,2.40
2013.04.29 21:08:27.794,0.83694,0.83742,1.13,2.40
2013.04.29 21:08:28.545,0.83694,0.83742,1.13,2.40
2013.04.29 21:08:29.127,0.83678,0.83742,2.25,2.40
2013.04.29 21:08:31.345,0.83678,0.83743,2.25,2.40
2013.04.29 21:08:31.405,0.83679,0.83743,1.13,2.25
2013.04.29 21:08:32.216,0.83679,0.83735,1.13,1.50
2013.04.29 21:08:32.805,0.83674,0.83736,2.25,1.50
2013.04.29 21:08:34.084,0.83674,0.83736,2.25,1.50
2013.04.29 21:08:36.350,0.83692,0.83735,1.13,1.50
2013.04.29 21:08:37.235,0.83692,0.83735,1.13,1.50
2013.04.29 21:08:37.594,0.83701,0.83744,1.13,2.25
2013.04.29 21:08:38.537,0.83701,0.83744,1.13,2.25
2013.04.29 21:08:38.655,0.83693,0.83744,1.13,2.25
2013.04.29 21:08:39.436,0.83693,0.83737,1.13,1.50
2013.04.29 21:08:40.695,0.83693,0.83736,1.13,1.50
2013.04.29 21:08:41.534,0.83699,0.83737,1.13,1.50
2013.04.29 21:08:41.817,0.83699,0.83745,1.13,2.25
2013.04.29 21:08:42.055,0.83692,0.83745,1.13,2.63
2013.04.29 21:08:42.644,0.83692,0.83736,1.13,2.25
2013.04.29 21:08:43.017,0.83694,0.83736,1.13,2.25
2013.04.29 21:08:44.434,0.83701,0.83736,1.13,2.25
2013.04.29 21:08:44.495,0.83682,0.83736,1.13,2.25
2013.04.29 21:08:44.755,0.83682,0.83744,1.13,2.25
2013.04.29 21:08:44.875,0.83676,0.83741,1.13,1.13
2013.04.29 21:08:45.876,0.83676,0.83737,1.13,2.25
2013.04.29 21:08:46.115,0.83665,0.83726,1.13,1.88
2013.04.29 21:08:46.234,0.83658,0.83726,1.13,2.25
2013.04.29 21:08:46.295,0.83658,0.83717,1.13,1.50
2013.04.29 21:08:46.715,0.83658,0.83722,1.13,1.13
2013.04.29 21:08:47.387,0.83659,0.83723,1.13,2.25
2013.04.29 21:08:47.745,0.83688,0.83753,1.13,6.15
2013.04.29 21:08:48.045,0.83688,0.83754,1.13,1.28
2013.04.29 21:08:49.656,0.83688,0.83754,1.13,1.28
2013.04.29 21:08:49.716,0.83699,0.83757,1.13,1.65
2013.04.29 21:08:50.089,0.83706,0.83758,1.13,4.50
2013.04.29 21:08:50.157,0.83702,0.83758,1.13,1.65
2013.04.29 21:08:51.286,0.837,0.83758,1.13,2.40
2013.04.29 21:08:52.625,0.837,0.83752,1.13,1.28
2013.04.29 21:08:52.925,0.83693,0.83743,1.13,1.23
2013.04.29 21:08:53.287,0.83693,0.83742,1.13,1.08
2013.04.29 21:08:53.975,0.83693,0.83738,1.13,2.40
2013.04.29 21:08:54.526,0.83684,0.83738,1.13,2.40
2013.04.29 21:08:54.766,0.83684,0.83734,1.13,2.40
2013.04.29 21:08:54.945,0.83676,0.83734,1.13,2.40
2013.04.29 21:08:55.449,0.83676,0.83732,1.13,2.40
2013.04.29 21:08:56.045,0.83676,0.83732,1.13,1.65
2013.04.29 21:08:56.355,0.83676,0.83728,1.13,4.65
2013.04.29 21:08:56.415,0.83672,0.83728,1.13,4.65
2013.04.29 21:08:57.005,0.83672,0.83728,1.13,4.65
2013.04.29 21:08:57.715,0.83672,0.83728,1.13,4.65
2013.04.29 21:08:58.382,0.83668,0.83727,1.13,2.25
2013.04.29 21:08:59.775,0.83663,0.83727,1.13,2.25
2013.04.29 21:09:00.366,0.83663,0.83727,1.13,2.25
2013.04.29 21:09:00.792,0.8366,0.83725,1.13,1.13
2013.04.29 21:09:02.707,0.8366,0.83725,1.13,1.13
2013.04.29 21:09:02.886,0.83666,0.83727,1.13,4.50
2013.04.29 21:09:04.156,0.83666,0.83728,1.13,4.65
2013.04.29 21:09:07.726,0.83666,0.83727,1.13,4.50
2013.04.29 21:09:11.387,0.83668,0.83728,1.13,1.65
2013.04.29 21:09:12.036,0.83668,0.83728,1.13,1.65
2013.04.29 21:09:12.675,0.83655,0.83722,1.13,5.03
2013.04.29 21:09:13.356,0.83655,0.83722,1.13,2.78
2013.04.29 21:09:13.746,0.8366,0.83722,1.13,2.40
2013.04.29 21:09:15.836,0.83666,0.83722,1.13,2.40
2013.04.29 21:09:21.976,0.8367,0.83723,1.13,2.40
2013.04.29 21:09:24.245,0.83648,0.83712,2.63,2.03
2013.04.29 21:09:25.192,0.83648,0.83713,1.13,1.28
2013.04.29 21:09:25.814,0.83642,0.83711,2.40,1.13
2013.04.29 21:09:29.085,0.83642,0.83711,2.40,1.88
2013.04.29 21:09:29.925,0.83642,0.83711,2.40,1.13
2013.04.29 21:09:30.245,0.83642,0.83712,2.40,1.28
2013.04.29 21:09:30.807,0.83642,0.83712,2.40,1.28
2013.04.29 21:09:31.377,0.83642,0.83711,2.40,1.13
2013.04.29 21:09:31.995,0.83648,0.83718,1.50,1.13
2013.04.29 21:09:32.496,0.83648,0.83718,1.50,1.13
2013.04.29 21:09:34.525,0.83642,0.83714,2.40,1.28
2013.04.29 21:09:35.065,0.83647,0.8371,1.50,1.13
2013.04.29 21:09:35.965,0.83647,0.83712,1.50,1.13
2013.04.29 21:09:39.212,0.83647,0.83719,1.50,1.13
2013.04.29 21:09:39.275,0.83643,0.83719,3.38,2.63
2013.04.29 21:09:39.575,0.83665,0.83719,1.13,2.40
2013.04.29 21:09:40.487,0.83672,0.83719,1.13,2.40
2013.04.29 21:09:41.015,0.83679,0.83722,1.13,1.28
2013.04.29 21:09:44.936,0.83679,0.83722,1.13,1.28
2013.04.29 21:09:45.055,0.83677,0.83722,1.13,1.28
2013.04.29 21:09:45.955,0.83668,0.83722,1.13,1.28
2013.04.29 21:09:47.017,0.83667,0.83719,1.13,2.40
2013.04.29 21:09:48.075,0.83668,0.83719,1.13,2.40
2013.04.29 21:09:49.465,0.83662,0.83719,1.13,2.40
2013.04.29 21:09:50.067,0.83662,0.83722,1.13,1.28
2013.04.29 21:09:50.486,0.8367,0.83724,1.13,1.50
2013.04.29 21:09:51.003,0.8367,0.83726,1.13,4.50
2013.04.29 21:09:52.576,0.83674,0.83726,1.13,4.50
2013.04.29 21:09:52.755,0.8368,0.83739,1.13,4.65
2013.04.29 21:09:53.345,0.8368,0.83738,1.13,4.65
2013.04.29 21:09:54.017,0.83685,0.83738,1.13,4.65
2013.04.29 21:09:54.588,0.83684,0.83739,1.13,4.65
2013.04.29 21:09:55.625,0.83677,0.83725,1.13,2.25
2013.04.29 21:09:55.690,0.83677,0.8372,1.13,2.25
2013.04.29 21:09:56.666,0.8367,0.83714,1.13,2.25
2013.04.29 21:09:57.111,0.83667,0.83714,1.13,2.25
2013.04.29 21:09:57.235,0.83671,0.83714,1.13,2.25
2013.04.29 21:09:57.677,0.83665,0.83714,1.13,2.25
2013.04.29 21:09:59.356,0.83663,0.83714,1.13,2.25
2013.04.29 21:09:59.927,0.83663,0.8372,1.13,2.25
2013.04.29 21:10:00.460,0.83661,0.8372,1.13,2.25
2013.04.29 21:10:03.637,0.83667,0.8372,1.13,2.25
2013.04.29 21:10:04.904,0.83664,0.8372,1.13,2.25
2013.04.29 21:10:06.715,0.83663,0.8372,1.13,2.25
2013.04.29 21:10:07.297,0.83663,0.8372,1.13,2.25
2013.04.29 21:10:07.746,0.83661,0.8372,1.13,2.25
2013.04.29 21:10:08.255,0.8366,0.8372,1.13,2.25
2013.04.29 21:10:08.816,0.83659,0.8372,1.13,2.25
2013.04.29 21:10:13.535,0.83657,0.8372,1.50,2.25
2013.04.29 21:10:15.236,0.83667,0.8372,1.13,2.25
2013.04.29 21:10:16.006,0.83667,0.8372,1.13,2.25
2013.04.29 21:10:16.338,0.8367,0.8372,1.13,2.25
2013.04.29 21:10:18.580,0.83661,0.8372,1.13,2.25
2013.04.29 21:10:19.637,0.83659,0.8372,1.13,2.25
2013.04.29 21:10:20.288,0.83671,0.8372,1.13,2.25
2013.04.29 21:10:21.166,0.83671,0.8372,1.13,2.40
2013.04.29 21:10:21.236,0.83657,0.8372,1.50,2.40
2013.04.29 21:10:21.296,0.83654,0.8371,1.13,2.25
2013.04.29 21:10:22.515,0.8366,0.8371,1.13,2.25
2013.04.29 21:10:24.257,0.83664,0.8371,1.13,2.25
2013.04.29 21:10:26.295,0.83652,0.8371,1.13,2.25
2013.04.29 21:10:26.415,0.83652,0.8371,1.13,2.25
2013.04.29 21:10:26.595,0.83659,0.83719,1.50,2.25
2013.04.29 21:10:27.135,0.83659,0.83719,1.50,2.25
2013.04.29 21:10:28.505,0.83659,0.83719,1.50,2.25
2013.04.29 21:10:29.092,0.83659,0.83717,1.50,1.13
2013.04.29 21:10:30.112,0.8367,0.83725,1.50,1.13
2013.04.29 21:10:30.295,0.8367,0.83717,1.50,1.88
2013.04.29 21:10:30.475,0.8367,0.83731,1.50,1.13
2013.04.29 21:10:30.644,0.8367,0.83709,1.50,1.13
2013.04.29 21:10:30.765,0.8367,0.83716,1.50,1.88
2013.04.29 21:10:30.986,0.8367,0.8371,1.50,1.13
2013.04.29 21:10:31.046,0.83659,0.83706,1.50,1.13
2013.04.29 21:10:31.165,0.83654,0.83685,2.25,1.13
2013.04.29 21:10:31.225,0.83641,0.83685,1.73,1.13
2013.04.29 21:10:31.285,0.83641,0.83685,1.50,1.13
2013.04.29 21:10:31.345,0.8363,0.83685,2.25,1.13
2013.04.29 21:10:31.465,0.83616,0.83685,1.50,1.13
2013.04.29 21:10:31.955,0.8362,0.83668,2.25,1.13
2013.04.29 21:10:32.205,0.83617,0.83668,2.33,1.13
2013.04.29 21:10:32.695,0.83612,0.83668,1.50,1.13
2013.04.29 21:10:32.755,0.8362,0.83668,2.33,1.13
2013.04.29 21:10:33.037,0.83612,0.83668,1.50,1.13
2013.04.29 21:10:33.157,0.83612,0.83678,1.50,1.13
2013.04.29 21:10:33.215,0.83626,0.83678,1.50,1.13
2013.04.29 21:10:33.275,0.83611,0.83678,1.50,1.13
2013.04.29 21:10:33.465,0.83626,0.83678,1.50,1.13
2013.04.29 21:10:33.645,0.8361,0.83678,1.50,1.13
2013.04.29 21:10:33.705,0.83626,0.83678,1.50,1.13
2013.04.29 21:10:33.975,0.83619,0.83678,1.50,1.13
2013.04.29 21:10:34.215,0.83609,0.83678,1.50,1.13
2013.04.29 21:10:34.275,0.83626,0.83678,1.50,1.13
2013.04.29 21:10:34.576,0.83611,0.83678,1.50,1.13
2013.04.29 21:10:34.635,0.83628,0.83678,1.50,1.13
2013.04.29 21:10:34.762,0.83612,0.8369,1.50,1.13
2013.04.29 21:10:34.825,0.83619,0.8369,1.50,1.13
2013.04.29 21:10:35.185,0.83611,0.8369,1.50,1.13
2013.04.29 21:10:35.245,0.83619,0.8369,1.50,1.13
2013.04.29 21:10:35.425,0.8361,0.8369,1.13,1.13
2013.04.29 21:10:35.485,0.83623,0.8369,1.50,1.13
2013.04.29 21:10:36.085,0.8361,0.8369,1.88,1.13
2013.04.29 21:10:36.146,0.83614,0.8369,2.33,1.13
2013.04.29 21:10:36.385,0.83611,0.83689,1.50,1.13
2013.04.29 21:10:36.445,0.83626,0.83689,1.50,1.13
2013.04.29 21:10:36.750,0.83633,0.83665,1.50,1.13
2013.04.29 21:10:37.472,0.83633,0.83702,1.50,1.13
2013.04.29 21:10:38.485,0.83633,0.83705,1.50,1.28
2013.04.29 21:10:40.287,0.83636,0.837,1.13,4.50
2013.04.29 21:10:41.007,0.83633,0.83701,1.50,4.88
2013.04.29 21:10:42.535,0.83633,0.83701,1.50,1.13
2013.04.29 21:10:43.954,0.83633,0.83701,1.50,1.13
2013.04.29 21:10:45.209,0.83633,0.83701,1.50,1.13
2013.04.29 21:10:45.276,0.83638,0.83705,1.13,5.03
2013.04.29 21:10:46.145,0.83638,0.83705,1.13,5.03
2013.04.29 21:10:46.212,0.83633,0.83703,1.50,1.13
2013.04.29 21:10:50.045,0.83641,0.83703,1.50,1.28
2013.04.29 21:10:50.345,0.83641,0.83701,1.50,1.13
2013.04.29 21:10:53.855,0.83643,0.83709,1.50,1.28
2013.04.29 21:10:54.405,0.83649,0.83715,1.13,1.60
2013.04.29 21:10:54.945,0.83649,0.83714,1.50,1.28
2013.04.29 21:11:00.155,0.83649,0.83715,1.13,1.60
2013.04.29 21:11:00.636,0.83652,0.83714,1.13,1.65
2013.04.29 21:11:01.695,0.83649,0.83714,2.03,1.65
2013.04.29 21:11:02.055,0.83657,0.83713,1.13,1.65
2013.04.29 21:11:02.115,0.83657,0.83713,1.13,1.65
2013.04.29 21:11:02.677,0.83657,0.83714,1.13,1.65
2013.04.29 21:11:08.295,0.83657,0.83725,2.25,4.50
2013.04.29 21:11:08.698,0.83674,0.83738,1.50,6.00
2013.04.29 21:11:10.095,0.83666,0.83721,1.50,2.25
2013.04.29 21:11:12.025,0.83666,0.83721,1.50,2.25
2013.04.29 21:11:15.746,0.83666,0.83706,1.50,2.25
2013.04.29 21:11:15.806,0.83658,0.83706,1.13,2.25
2013.04.29 21:11:15.866,0.83653,0.83706,1.50,2.25
2013.04.29 21:11:18.046,0.83653,0.83706,3.08,1.50
2013.04.29 21:11:18.573,0.83669,0.8372,1.50,1.13
2013.04.29 21:11:19.335,0.83663,0.83721,1.50,2.25
2013.04.29 21:11:19.395,0.83662,0.83721,1.50,2.25
2013.04.29 21:11:19.635,0.83654,0.83716,1.50,1.13
2013.04.29 21:11:19.976,0.83654,0.83712,1.50,1.13
2013.04.29 21:11:20.036,0.83647,0.83701,1.13,2.25
2013.04.29 21:11:20.218,0.83639,0.83701,1.50,2.25
2013.04.29 21:11:20.546,0.83637,0.83695,1.50,2.40
2013.04.29 21:11:21.305,0.83637,0.83695,1.50,2.40
2013.04.29 21:11:21.655,0.8364,0.83695,1.50,1.65
2013.04.29 21:11:21.776,0.83648,0.83695,1.65,1.50
2013.04.29 21:11:21.836,0.83648,0.83706,1.65,4.50
2013.04.29 21:11:22.015,0.83641,0.83714,4.13,1.50
2013.04.29 21:11:22.195,0.83643,0.83714,1.13,1.50
2013.04.29 21:11:22.499,0.83651,0.83719,1.13,2.25
2013.04.29 21:11:23.035,0.83651,0.83719,1.13,2.25
2013.04.29 21:11:23.572,0.83651,0.83719,1.13,2.25
2013.04.29 21:11:25.498,0.83648,0.83714,1.13,1.13
2013.04.29 21:11:27.465,0.83645,0.83712,1.50,1.13
2013.04.29 21:11:27.526,0.83653,0.83712,1.50,1.13
2013.04.29 21:11:31.306,0.83654,0.83719,1.13,2.25
2013.04.29 21:11:31.386,0.83653,0.83719,1.50,2.25
2013.04.29 21:11:33.257,0.83653,0.83717,1.50,1.13
2013.04.29 21:11:36.359,0.83653,0.83711,1.50,1.13
2013.04.29 21:11:37.955,0.83646,0.83711,1.50,1.13
2013.04.29 21:11:38.510,0.83646,0.83711,1.50,1.13
2013.04.29 21:11:39.605,0.83646,0.83711,1.50,1.13
2013.04.29 21:11:40.605,0.83646,0.83711,1.50,1.13
2013.04.29 21:11:43.117,0.83646,0.83702,1.50,1.13
2013.04.29 21:11:43.687,0.83646,0.83719,1.50,2.25
2013.04.29 21:11:43.867,0.83646,0.83702,1.50,1.13
2013.04.29 21:11:43.925,0.83646,0.83719,1.50,2.25
2013.04.29 21:11:45.666,0.83646,0.83701,1.50,1.13
2013.04.29 21:11:45.875,0.83646,0.83719,1.50,2.25
2013.04.29 21:11:46.115,0.83647,0.83702,2.25,1.88
2013.04.29 21:11:46.235,0.83658,0.83719,1.50,2.63
2013.04.29 21:11:49.587,0.83658,0.83719,1.50,2.25
2013.04.29 21:11:49.646,0.83658,0.83717,1.50,1.88
2013.04.29 21:11:49.976,0.83658,0.83711,1.50,1.50
2013.04.29 21:11:50.280,0.83651,0.83702,1.50,2.25
2013.04.29 21:12:05.027,0.83651,0.83718,1.50,1.13
2013.04.29 21:12:06.287,0.83651,0.83718,1.50,1.13
2013.04.29 21:12:08.766,0.83651,0.83695,1.50,1.13
2013.04.29 21:12:08.896,0.83646,0.83695,1.50,1.13
2013.04.29 21:12:09.015,0.83639,0.83688,1.50,1.13
2013.04.29 21:12:09.255,0.83629,0.83688,1.50,1.13
2013.04.29 21:12:09.979,0.83632,0.83688,1.50,1.13
2013.04.29 21:12:10.785,0.83632,0.83688,1.50,1.13
2013.04.29 21:12:11.895,0.83632,0.83695,1.50,1.13
2013.04.29 21:12:11.955,0.83628,0.83695,1.50,1.13
2013.04.29 21:12:12.015,0.83634,0.83695,1.50,1.13
2013.04.29 21:12:12.598,0.83634,0.83694,1.50,1.13
2013.04.29 21:12:13.496,0.83634,0.83692,1.50,1.13
2013.04.29 21:12:15.346,0.83634,0.83694,1.50,1.13
2013.04.29 21:12:15.407,0.83632,0.83694,1.50,1.13
2013.04.29 21:12:16.085,0.83632,0.83694,1.50,1.13
2013.04.29 21:12:16.205,0.83632,0.83678,1.50,1.13
2013.04.29 21:12:16.325,0.83625,0.83678,1.50,1.13
2013.04.29 21:12:16.387,0.83625,0.83674,1.50,1.13
2013.04.29 21:12:18.055,0.83625,0.83676,1.50,1.13
2013.04.29 21:12:18.175,0.83625,0.83686,1.73,1.13
2013.04.29 21:12:18.514,0.83633,0.83703,1.88,1.50
2013.04.29 21:12:18.875,0.83633,0.83667,1.88,0.75
2013.04.29 21:12:19.957,0.83632,0.83667,1.13,0.75
2013.04.29 21:12:20.295,0.83626,0.83695,1.13,1.65
2013.04.29 21:12:20.356,0.83629,0.83695,1.13,1.65
2013.04.29 21:12:20.476,0.83623,0.83667,1.50,1.13
2013.04.29 21:12:22.386,0.83623,0.83675,1.65,1.13
2013.04.29 21:12:22.726,0.83636,0.83697,1.50,2.03
2013.04.29 21:12:25.205,0.83639,0.83696,1.13,1.65
2013.04.29 21:12:25.265,0.8364,0.83701,1.13,1.50
2013.04.29 21:12:25.325,0.83646,0.83701,1.50,1.50
2013.04.29 21:12:27.455,0.83648,0.8371,1.88,2.40
2013.04.29 21:12:27.761,0.83648,0.83703,1.13,1.50
2013.04.29 21:12:28.537,0.83646,0.83703,1.13,1.50
2013.04.29 21:12:30.185,0.83648,0.83705,1.13,4.50
2013.04.29 21:12:31.847,0.83642,0.83705,1.13,4.50
2013.04.29 21:12:33.607,0.83641,0.83705,1.13,4.88
2013.04.29 21:12:35.817,0.8364,0.83704,1.13,4.88
2013.04.29 21:12:36.070,0.8364,0.83703,1.13,2.25
2013.04.29 21:12:37.125,0.8364,0.83703,1.13,2.25
2013.04.29 21:12:37.565,0.83641,0.83703,1.88,2.25
2013.04.29 21:12:39.925,0.83638,0.83655,1.50,1.13
2013.04.29 21:12:40.045,0.83627,0.8366,2.33,1.13
2013.04.29 21:12:40.105,0.83622,0.8366,1.50,1.13
2013.04.29 21:12:40.285,0.83613,0.83673,1.65,1.13
2013.04.29 21:12:40.465,0.83624,0.83678,1.13,4.65
2013.04.29 21:12:40.585,0.83627,0.83686,1.35,4.50
2013.04.29 21:12:41.474,0.83632,0.8369,1.50,1.13
2013.04.29 21:12:45.364,0.83635,0.83702,1.50,3.00
2013.04.29 21:12:45.665,0.83648,0.83702,1.13,2.25
2013.04.29 21:12:46.306,0.83648,0.83707,1.50,1.13
2013.04.29 21:12:46.902,0.83648,0.83682,1.50,0.75
2013.04.29 21:12:48.799,0.83651,0.83681,1.13,0.75
2013.04.29 21:12:48.855,0.83668,0.83681,1.13,0.75
2013.04.29 21:12:49.156,0.83678,0.83741,1.80,2.25
2013.04.29 21:12:49.215,0.83683,0.83741,2.33,8.25
2013.04.29 21:12:49.526,0.83683,0.83741,2.33,8.25
2013.04.29 21:12:49.705,0.83694,0.83741,1.50,8.25
2013.04.29 21:12:49.917,0.83694,0.83741,1.50,7.50
2013.04.29 21:12:50.905,0.83694,0.83742,1.50,7.50
2013.04.29 21:12:51.421,0.83694,0.83743,1.50,7.50
2013.04.29 21:12:51.945,0.83694,0.83742,1.50,7.50
2013.04.29 21:12:52.005,0.83694,0.83742,1.50,7.50
2013.04.29 21:12:53.235,0.83694,0.8374,1.50,2.25
2013.04.29 21:12:53.495,0.83694,0.83764,1.50,1.50
2013.04.29 21:12:54.015,0.83694,0.83764,1.50,1.50
2013.04.29 21:12:54.546,0.83694,0.83764,1.50,1.50
2013.04.29 21:12:55.715,0.83685,0.83746,1.50,1.88
2013.04.29 21:12:56.015,0.83678,0.83746,1.50,1.88
2013.04.29 21:12:56.555,0.83678,0.83739,1.50,1.13
2013.04.29 21:12:59.325,0.83678,0.83744,1.50,1.13
2013.04.29 21:12:59.445,0.83689,0.83744,1.50,1.13
2013.04.29 21:12:59.565,0.83694,0.83767,1.13,1.13
2013.04.29 21:12:59.625,0.83692,0.83764,1.13,1.50
2013.04.29 21:13:00.222,0.8369,0.83764,1.13,1.50
2013.04.29 21:13:00.912,0.8369,0.83764,1.13,1.50
2013.04.29 21:13:01.225,0.83688,0.83764,1.13,1.50
2013.04.29 21:13:01.287,0.8368,0.8375,1.13,1.50
2013.04.29 21:13:01.895,0.83698,0.8375,1.13,1.50
2013.04.29 21:13:02.665,0.83698,0.83763,1.13,1.50
2013.04.29 21:13:02.937,0.83684,0.83742,1.50,1.13
2013.04.29 21:13:03.116,0.83676,0.83742,1.13,1.13
2013.04.29 21:13:05.046,0.83676,0.8374,1.13,1.13
2013.04.29 21:13:05.226,0.83672,0.83733,1.50,1.13
2013.04.29 21:13:05.285,0.8367,0.83733,1.50,1.13
2013.04.29 21:13:05.405,0.83665,0.83729,1.50,1.13
2013.04.29 21:13:05.465,0.83662,0.83729,1.50,1.13
2013.04.29 21:13:06.296,0.83656,0.83729,1.50,1.13
2013.04.29 21:13:06.356,0.83653,0.83729,1.50,1.13
2013.04.29 21:13:06.676,0.83653,0.83729,1.50,1.13
2013.04.29 21:13:06.735,0.83652,0.83729,1.13,1.13
2013.04.29 21:13:07.361,0.83651,0.83717,1.13,1.50
2013.04.29 21:13:07.426,0.83661,0.83717,1.13,1.50
2013.04.29 21:13:07.485,0.83647,0.83713,1.13,1.50
2013.04.29 21:13:07.545,0.83647,0.83713,1.13,1.50
2013.04.29 21:13:07.977,0.83662,0.83715,1.13,1.50
2013.04.29 21:13:09.095,0.83642,0.83717,1.13,1.13
2013.04.29 21:13:10.535,0.83652,0.83718,1.13,1.13
2013.04.29 21:13:10.595,0.83643,0.83715,1.13,1.13
2013.04.29 21:13:11.102,0.83643,0.83715,1.13,1.13
2013.04.29 21:13:11.166,0.83627,0.83702,1.13,1.13
2013.04.29 21:13:11.226,0.83631,0.83702,1.13,1.13
2013.04.29 21:13:11.545,0.83633,0.837,1.50,1.13
2013.04.29 21:13:11.605,0.83627,0.837,1.13,1.13
2013.04.29 21:13:11.726,0.83638,0.83703,1.13,1.13
2013.04.29 21:13:12.235,0.83639,0.83703,1.13,1.13
2013.04.29 21:13:12.926,0.83639,0.83703,1.13,1.13
2013.04.29 21:13:13.045,0.83642,0.83709,1.13,1.13
2013.04.29 21:13:13.225,0.83637,0.83703,1.50,1.13
2013.04.29 21:13:13.405,0.83637,0.83703,3.75,1.13
2013.04.29 21:13:13.467,0.83632,0.83703,3.75,1.13
2013.04.29 21:13:13.975,0.83629,0.83703,1.50,1.13
2013.04.29 21:13:15.556,0.83629,0.83699,1.50,1.13
2013.04.29 21:13:16.201,0.83629,0.83699,1.50,1.13
2013.04.29 21:13:16.606,0.83631,0.83699,1.65,1.13
2013.04.29 21:13:16.666,0.83639,0.83709,1.44,1.13
2013.04.29 21:13:16.785,0.8365,0.83712,1.28,1.50
2013.04.29 21:13:16.845,0.83653,0.83712,1.13,1.50
2013.04.29 21:13:17.206,0.83657,0.83715,1.50,1.13
2013.04.29 21:13:18.931,0.83658,0.83722,1.13,1.28
2013.04.29 21:13:19.166,0.83658,0.83722,1.13,1.28
2013.04.29 21:13:19.725,0.83662,0.83727,1.13,1.05
2013.04.29 21:13:20.417,0.83657,0.8371,1.50,2.25
2013.04.29 21:13:20.476,0.83656,0.8371,1.50,2.25
2013.04.29 21:13:20.995,0.83655,0.8371,1.13,2.25
2013.04.29 21:13:21.506,0.83655,0.83706,1.13,2.25
2013.04.29 21:13:21.566,0.83645,0.83706,1.50,2.25
2013.04.29 21:13:21.816,0.83645,0.83706,1.50,2.25
2013.04.29 21:13:24.146,0.83646,0.8371,2.25,2.25
2013.04.29 21:13:25.026,0.83646,0.83706,1.13,1.50
2013.04.29 21:13:25.738,0.83646,0.83706,1.13,2.25
2013.04.29 21:13:27.226,0.83646,0.83706,1.13,2.25
2013.04.29 21:13:27.747,0.83648,0.8371,2.25,2.25
2013.04.29 21:13:28.278,0.83648,0.8371,2.25,2.63
2013.04.29 21:13:28.786,0.83648,0.8371,2.25,2.63
2013.04.29 21:13:29.306,0.83656,0.83716,1.28,2.25
2013.04.29 21:13:31.289,0.83656,0.83716,1.28,2.25
2013.04.29 21:13:32.645,0.83656,0.83716,1.28,2.25
2013.04.29 21:13:36.016,0.83658,0.83716,1.13,1.50
2013.04.29 21:13:38.245,0.83656,0.83715,1.13,1.50
2013.04.29 21:13:38.633,0.83656,0.83715,1.13,1.50
2013.04.29 21:13:38.756,0.83653,0.83715,2.25,1.50
2013.04.29 21:13:39.076,0.83652,0.83723,1.28,1.13
2013.04.29 21:13:39.135,0.83658,0.8373,1.13,1.13
2013.04.29 21:13:39.486,0.83677,0.8375,1.13,1.13
2013.04.29 21:13:41.115,0.83684,0.83751,1.13,1.13
2013.04.29 21:13:42.167,0.83681,0.83756,1.13,1.13
2013.04.29 21:13:42.556,0.83681,0.83756,1.13,1.13
2013.04.29 21:13:42.865,0.83687,0.83753,1.13,1.13
2013.04.29 21:13:43.625,0.83662,0.83729,1.13,1.13
2013.04.29 21:13:45.385,0.83655,0.83723,1.13,1.13
2013.04.29 21:13:45.445,0.8365,0.83726,4.13,1.13
2013.04.29 21:13:49.715,0.8365,0.83726,1.13,1.13
2013.04.29 21:13:50.178,0.83649,0.83726,1.13,1.13
2013.04.29 21:13:51.585,0.83651,0.83726,1.13,1.13
2013.04.29 21:13:51.916,0.83649,0.83717,1.13,1.13
2013.04.29 21:13:52.815,0.83653,0.83723,1.13,1.13
2013.04.29 21:13:54.186,0.83646,0.83707,1.50,1.13
2013.04.29 21:13:55.067,0.83641,0.83713,1.13,1.28
2013.04.29 21:13:56.707,0.83638,0.83713,1.28,1.28
2013.04.29 21:13:57.301,0.83639,0.83711,1.88,1.28
2013.04.29 21:13:58.935,0.83633,0.837,1.13,1.13
2013.04.29 21:14:01.156,0.83631,0.83693,1.50,1.13
2013.04.29 21:14:01.275,0.83623,0.83699,1.65,1.13
2013.04.29 21:14:03.497,0.83625,0.83693,2.03,1.13
2013.04.29 21:14:05.615,0.83628,0.83694,1.28,1.13
2013.04.29 21:14:06.166,0.83629,0.8369,1.50,2.25
2013.04.29 21:14:06.773,0.83629,0.8369,1.50,2.25
2013.04.29 21:14:11.727,0.83629,0.8369,1.88,2.25
2013.04.29 21:14:12.637,0.83628,0.83695,1.50,2.25
2013.04.29 21:14:12.875,0.8363,0.83695,1.13,2.25
2013.04.29 21:14:15.190,0.83639,0.83695,1.13,2.25
2013.04.29 21:14:16.346,0.83639,0.83691,1.13,2.25
2013.04.29 21:14:16.406,0.83637,0.83691,1.13,2.25
2013.04.29 21:14:22.096,0.83637,0.83695,2.63,2.25
2013.04.29 21:14:22.156,0.83642,0.83695,1.13,2.25
2013.04.29 21:14:23.056,0.83642,0.83695,1.13,2.25
2013.04.29 21:14:24.708,0.83638,0.83695,1.13,2.25
2013.04.29 21:14:25.836,0.83634,0.8369,1.88,2.25
2013.04.29 21:14:26.717,0.83629,0.8369,1.88,2.25
2013.04.29 21:14:27.397,0.83629,0.8369,1.88,2.25
2013.04.29 21:14:27.925,0.83629,0.8369,1.88,2.25
2013.04.29 21:14:28.693,0.83633,0.83693,1.50,2.25
2013.04.29 21:14:28.757,0.83633,0.83693,1.50,2.25
2013.04.29 21:14:29.465,0.83633,0.83693,2.03,2.25
2013.04.29 21:14:33.647,0.83635,0.83693,1.13,2.25
2013.04.29 21:14:33.926,0.83629,0.8369,1.50,2.25
2013.04.29 21:14:37.952,0.83634,0.83692,1.50,2.25
2013.04.29 21:14:38.097,0.83634,0.83692,1.88,2.25
2013.04.29 21:14:40.201,0.83635,0.83692,1.13,2.25
2013.04.29 21:14:45.726,0.83643,0.83692,1.13,2.25
2013.04.29 21:14:47.218,0.83652,0.83692,1.13,2.25
2013.04.29 21:14:47.319,0.83645,0.83692,1.13,2.25
2013.04.29 21:14:53.746,0.83645,0.83692,1.13,2.25
2013.04.29 21:14:54.307,0.83645,0.83692,1.13,2.25
2013.04.29 21:14:55.736,0.8364,0.83692,1.13,2.25
2013.04.29 21:14:56.327,0.83639,0.83692,1.13,2.25
2013.04.29 21:14:56.926,0.83633,0.83691,1.13,2.25
2013.04.29 21:14:58.707,0.83632,0.83691,1.13,2.25
2013.04.29 21:14:59.806,0.83631,0.83691,1.13,2.25
2013.04.29 21:15:00.476,0.83631,0.83691,1.13,2.25
2013.04.29 21:15:01.766,0.83634,0.83693,1.13,2.25
2013.04.29 21:15:03.655,0.83637,0.83693,1.13,2.25
2013.04.29 21:15:05.026,0.83637,0.83702,1.13,2.40
2013.04.29 21:15:05.563,0.83636,0.83702,1.13,2.78
2013.04.29 21:15:06.167,0.83634,0.83701,1.13,1.13
2013.04.29 21:15:07.826,0.83633,0.83698,1.88,1.13
2013.04.29 21:15:07.886,0.8363,0.83698,1.88,1.13
2013.04.29 21:15:07.946,0.83628,0.83698,1.88,1.13
2013.04.29 21:15:09.788,0.83628,0.83699,1.88,1.13
2013.04.29 21:15:10.996,0.83628,0.83698,2.63,1.13
2013.04.29 21:15:13.399,0.83636,0.83698,1.50,1.13
2013.04.29 21:15:13.735,0.83636,0.83701,1.88,1.65
2013.04.29 21:15:15.675,0.83636,0.83701,1.88,1.65
2013.04.29 21:15:15.856,0.83633,0.837,1.13,1.44
2013.04.29 21:15:16.497,0.83633,0.837,1.13,2.19
2013.04.29 21:15:16.616,0.83627,0.8369,1.13,1.28
2013.04.29 21:15:17.846,0.83628,0.83695,1.13,2.40
2013.04.29 21:15:18.626,0.83628,0.83695,1.13,2.40
2013.04.29 21:15:19.816,0.83633,0.83695,1.13,2.40
2013.04.29 21:15:20.354,0.83633,0.83695,1.13,2.40
2013.04.29 21:15:20.476,0.83625,0.83691,3.00,1.28
2013.04.29 21:15:27.668,0.83625,0.83695,3.00,2.40
2013.04.29 21:15:28.356,0.83625,0.83695,1.50,3.15
2013.04.29 21:15:28.666,0.83625,0.83695,1.65,3.53
2013.04.29 21:15:29.184,0.83628,0.83683,1.65,1.13
2013.04.29 21:15:30.096,0.83628,0.83683,2.40,1.13
2013.04.29 21:15:30.607,0.83624,0.83683,1.50,1.13
2013.04.29 21:15:32.466,0.8362,0.83683,2.25,1.13
2013.04.29 21:15:33.078,0.83621,0.8368,1.50,1.13
2013.04.29 21:15:34.625,0.83623,0.83689,1.13,1.13
2013.04.29 21:15:36.035,0.83621,0.83687,1.88,1.28
2013.04.29 21:15:38.436,0.8362,0.83685,1.13,2.40
2013.04.29 21:15:38.856,0.83617,0.8368,1.13,2.25
2013.04.29 21:15:39.226,0.83617,0.8368,1.13,1.50
2013.04.29 21:15:39.346,0.83623,0.83681,1.13,3.90
2013.04.29 21:15:40.636,0.8361,0.83679,1.13,1.28
2013.04.29 21:15:40.816,0.8361,0.83679,1.13,3.21
2013.04.29 21:15:40.876,0.83602,0.83672,1.13,1.34
2013.04.29 21:15:41.377,0.83598,0.8367,1.13,2.40
2013.04.29 21:15:42.177,0.83598,0.8367,1.13,2.40
2013.04.29 21:15:42.936,0.83605,0.83668,1.50,2.40
2013.04.29 21:15:43.296,0.83617,0.83682,2.40,1.28
2013.04.29 21:15:45.046,0.83619,0.83685,1.28,2.40
2013.04.29 21:15:45.226,0.83621,0.83689,2.25,1.65
2013.04.29 21:15:49.256,0.83621,0.83689,2.25,1.65
2013.04.29 21:15:50.477,0.83631,0.83691,1.28,2.25
2013.04.29 21:15:50.796,0.83638,0.837,1.28,1.28
2013.04.29 21:15:51.483,0.83636,0.83702,2.40,1.65
2013.04.29 21:15:56.206,0.83646,0.83705,1.13,1.50
2013.04.29 21:15:56.326,0.83656,0.83712,1.88,3.75
2013.04.29 21:15:56.446,0.8369,0.8373,1.13,2.25
2013.04.29 21:15:56.745,0.8369,0.83733,1.13,2.25
2013.04.29 21:15:57.216,0.8369,0.83737,1.13,2.25
2013.04.29 21:15:58.167,0.83691,0.83737,1.13,2.25
2013.04.29 21:15:59.496,0.8369,0.83729,1.13,1.34
2013.04.29 21:15:59.616,0.83654,0.83724,1.13,1.28
2013.04.29 21:16:00.150,0.83654,0.83724,1.13,1.28
2013.04.29 21:16:00.335,0.83639,0.83714,4.65,1.13
2013.04.29 21:16:00.912,0.83639,0.83714,4.65,1.13
2013.04.29 21:16:01.545,0.83639,0.83714,4.65,1.13
2013.04.29 21:16:02.496,0.83641,0.83714,1.50,1.13
2013.04.29 21:16:03.785,0.83653,0.83719,1.13,1.28
2013.04.29 21:16:05.515,0.83653,0.83722,1.88,1.28
2013.04.29 21:16:06.365,0.83655,0.83729,1.13,1.71
2013.04.29 21:16:09.146,0.83654,0.8373,1.13,5.46
2013.04.29 21:16:13.368,0.83659,0.83726,1.13,5.03
2013.04.29 21:16:13.485,0.83656,0.83726,1.13,3.90
2013.04.29 21:16:15.466,0.8366,0.83726,1.13,3.90
2013.04.29 21:16:16.575,0.8366,0.83734,1.13,1.13
2013.04.29 21:16:16.696,0.83691,0.83764,1.13,1.50
2013.04.29 21:16:16.995,0.83691,0.83771,1.13,1.13
2013.04.29 21:16:18.789,0.83684,0.83766,1.13,1.13
2013.04.29 21:16:19.877,0.83684,0.83764,1.13,1.13
2013.04.29 21:16:20.235,0.83682,0.83744,1.13,2.40
2013.04.29 21:16:20.795,0.83682,0.83742,1.13,1.50
2013.04.29 21:16:20.975,0.83682,0.83762,1.13,1.13
2013.04.29 21:16:21.605,0.8368,0.83762,1.13,1.13
2013.04.29 21:16:21.665,0.83706,0.83787,1.13,1.50
2013.04.29 21:16:21.905,0.83696,0.83788,1.13,1.13
2013.04.29 21:16:22.025,0.83696,0.83776,1.13,1.58
2013.04.29 21:16:22.145,0.83674,0.83746,1.13,1.50
2013.04.29 21:16:24.955,0.83697,0.83746,1.13,1.50
2013.04.29 21:16:25.496,0.83697,0.83781,1.13,1.13
2013.04.29 21:16:25.556,0.83698,0.83769,1.13,1.13
2013.04.29 21:16:25.839,0.83703,0.83776,1.13,1.13
2013.04.29 21:16:27.756,0.8369,0.83763,1.13,1.13
2013.04.29 21:16:28.115,0.83707,0.83777,1.13,1.13
2013.04.29 21:16:30.101,0.83697,0.83766,1.13,1.13
2013.04.29 21:16:30.727,0.83688,0.83771,1.13,1.13
2013.04.29 21:16:32.945,0.83639,0.83723,2.63,1.13
2013.04.29 21:16:34.005,0.83639,0.8372,1.13,1.88
2013.04.29 21:16:34.555,0.83639,0.8372,1.13,1.88
2013.04.29 21:16:35.317,0.83639,0.83721,1.13,1.88
2013.04.29 21:16:35.435,0.83643,0.83721,1.13,1.50
2013.04.29 21:16:35.716,0.83643,0.83725,1.28,1.28
2013.04.29 21:16:36.225,0.83643,0.83725,1.28,1.28
2013.04.29 21:16:36.975,0.83643,0.83725,1.28,1.13
2013.04.29 21:16:38.258,0.83644,0.83727,1.65,1.13
2013.04.29 21:16:38.876,0.83644,0.83725,1.28,1.13
2013.04.29 21:16:40.147,0.83649,0.83727,1.50,1.13
2013.04.29 21:16:40.501,0.83649,0.83716,1.88,1.13
2013.04.29 21:16:40.907,0.83682,0.83749,1.13,1.13
2013.04.29 21:16:40.966,0.83677,0.83744,1.13,1.13
2013.04.29 21:16:41.521,0.83655,0.83721,1.28,1.28
2013.04.29 21:16:42.936,0.83653,0.83718,1.28,1.13
2013.04.29 21:16:42.996,0.83653,0.83718,1.28,1.13
2013.04.29 21:16:43.116,0.83644,0.83727,1.20,1.28
2013.04.29 21:16:43.305,0.8364,0.83722,1.28,4.65
2013.04.29 21:16:43.425,0.83636,0.83717,1.65,1.13
2013.04.29 21:16:43.836,0.83633,0.83711,1.13,1.65
2013.04.29 21:16:45.806,0.83633,0.83711,1.13,1.65
2013.04.29 21:16:46.479,0.83638,0.83706,1.13,1.13
2013.04.29 21:16:48.785,0.83638,0.83707,1.88,1.13
2013.04.29 21:16:49.436,0.83638,0.83707,1.88,1.28
2013.04.29 21:16:49.756,0.83638,0.83705,1.13,1.28
2013.04.29 21:16:52.206,0.83641,0.83707,1.13,2.40
2013.04.29 21:16:52.325,0.83634,0.83697,1.13,1.13
2013.04.29 21:16:53.217,0.83632,0.83696,1.13,1.13
2013.04.29 21:16:53.722,0.83632,0.83696,1.13,1.13
2013.04.29 21:16:54.635,0.83632,0.83696,1.13,1.13
2013.04.29 21:16:55.649,0.83632,0.83696,1.13,1.13
2013.04.29 21:16:55.766,0.83633,0.83697,1.88,1.13
2013.04.29 21:16:56.807,0.83632,0.83694,1.13,1.13
2013.04.29 21:17:00.236,0.83632,0.83694,1.13,1.13
2013.04.29 21:17:00.953,0.83632,0.83694,1.13,1.13
2013.04.29 21:17:03.465,0.83633,0.83695,1.13,1.13
2013.04.29 21:17:03.736,0.8363,0.83695,1.13,1.28
2013.04.29 21:17:03.796,0.83625,0.83698,1.13,1.28
2013.04.29 21:17:06.366,0.83621,0.83693,1.28,1.28
2013.04.29 21:17:16.546,0.83622,0.83683,1.13,1.28
2013.04.29 21:17:17.267,0.83615,0.83691,1.28,1.25
2013.04.29 21:17:18.097,0.83617,0.83693,2.40,2.40
2013.04.29 21:17:18.441,0.83617,0.83695,2.40,1.28
2013.04.29 21:17:19.005,0.83617,0.83695,2.40,1.28
2013.04.29 21:17:20.246,0.83617,0.83695,2.40,1.28
2013.04.29 21:17:20.767,0.83627,0.83695,1.28,1.28
2013.04.29 21:17:23.756,0.83627,0.83698,1.28,1.28
2013.04.29 21:17:24.356,0.83627,0.83698,1.28,1.28
2013.04.29 21:17:26.186,0.83633,0.83698,1.20,1.28
2013.04.29 21:17:28.782,0.83627,0.83691,1.13,1.28
2013.04.29 21:17:29.516,0.83626,0.83687,1.13,1.13
2013.04.29 21:17:30.516,0.83626,0.83687,1.13,1.13
2013.04.29 21:17:39.746,0.83625,0.83689,1.13,1.13
2013.04.29 21:17:43.338,0.83625,0.83689,1.13,1.13
2013.04.29 21:17:43.883,0.83625,0.83689,1.13,1.13
2013.04.29 21:17:44.482,0.83625,0.83689,1.13,1.13
2013.04.29 21:17:47.746,0.83625,0.83689,1.13,1.13
2013.04.29 21:17:48.250,0.83625,0.83689,1.13,1.13
2013.04.29 21:17:48.778,0.83625,0.83689,1.13,1.13
2013.04.29 21:17:50.009,0.83625,0.83689,1.13,1.13
2013.04.29 21:17:51.607,0.83625,0.83689,1.13,1.13
2013.04.29 21:17:51.726,0.83629,0.83695,1.13,1.28
2013.04.29 21:17:52.400,0.83629,0.83695,1.73,1.28
2013.04.29 21:17:52.701,0.83629,0.83695,1.58,1.28
2013.04.29 21:17:53.112,0.83634,0.83695,1.20,1.28
2013.04.29 21:17:53.356,0.83633,0.83695,1.20,1.28
2013.04.29 21:17:54.006,0.83634,0.83698,1.60,1.28
2013.04.29 21:17:54.336,0.83634,0.83698,1.60,1.28
2013.04.29 21:17:54.814,0.83637,0.83698,1.68,1.28
2013.04.29 21:17:56.277,0.83637,0.83698,1.68,1.28
2013.04.29 21:18:00.650,0.83637,0.83698,1.68,1.28
2013.04.29 21:18:01.656,0.83632,0.83698,1.13,1.28
2013.04.29 21:18:01.776,0.83628,0.83699,1.13,1.28
2013.04.29 21:18:02.016,0.8363,0.83699,1.13,1.28
2013.04.29 21:18:04.366,0.83627,0.83694,1.13,1.28
2013.04.29 21:18:08.027,0.83637,0.83703,1.13,4.50
2013.04.29 21:18:08.086,0.83637,0.83707,1.13,1.58
2013.04.29 21:18:10.156,0.83637,0.83707,1.13,1.13
2013.04.29 21:18:10.226,0.83637,0.83715,1.13,1.50
2013.04.29 21:18:10.356,0.83643,0.83712,1.88,1.13
2013.04.29 21:18:12.966,0.83642,0.83708,1.13,1.13
2013.04.29 21:18:13.606,0.83642,0.83708,1.13,1.13
2013.04.29 21:18:14.142,0.83642,0.83708,1.13,1.13
2013.04.29 21:18:21.398,0.83641,0.83716,1.13,1.65
2013.04.29 21:18:21.917,0.83641,0.83715,1.13,1.50
2013.04.29 21:18:22.416,0.83644,0.83722,1.53,5.78
2013.04.29 21:18:22.776,0.83652,0.83726,1.28,1.65
2013.04.29 21:18:29.456,0.83663,0.83728,1.73,1.28
2013.04.29 21:18:30.224,0.83668,0.83728,1.20,1.28
2013.04.29 21:18:31.239,0.83675,0.83735,1.13,2.30
2013.04.29 21:18:31.386,0.8367,0.83733,1.58,1.17
2013.04.29 21:18:32.636,0.8367,0.83733,1.13,1.10
2013.04.29 21:18:33.232,0.83666,0.83733,1.13,1.85
2013.04.29 21:18:38.210,0.83658,0.83735,1.13,4.47
2013.04.29 21:18:38.387,0.83668,0.83736,1.13,4.28
2013.04.29 21:18:38.447,0.83674,0.83736,1.13,3.90
2013.04.29 21:18:38.746,0.83674,0.83741,1.13,2.40
2013.04.29 21:18:39.817,0.83674,0.83741,1.13,1.28
2013.04.29 21:18:40.437,0.83674,0.83742,1.13,2.03
2013.04.29 21:18:42.630,0.83674,0.83742,1.13,2.03
2013.04.29 21:18:43.697,0.83673,0.83741,1.13,1.65
2013.04.29 21:18:43.756,0.83673,0.83741,1.13,1.92
2013.04.29 21:18:44.347,0.83667,0.83734,1.13,1.28
2013.04.29 21:18:46.667,0.8367,0.83734,1.13,1.28
2013.04.29 21:18:53.532,0.83671,0.83736,1.13,1.28
2013.04.29 21:18:54.086,0.83671,0.83736,1.13,2.03
2013.04.29 21:18:54.837,0.83675,0.83737,1.13,1.28
2013.04.29 21:18:55.428,0.8367,0.83738,1.13,1.20
2013.04.29 21:18:56.174,0.83671,0.83739,1.28,1.25
2013.04.29 21:18:59.796,0.83675,0.83737,1.65,1.28
2013.04.29 21:19:00.449,0.83675,0.83737,1.65,1.28
2013.04.29 21:19:01.106,0.83675,0.83737,1.65,1.28
2013.04.29 21:19:02.868,0.83675,0.83737,1.65,1.28
2013.04.29 21:19:04.896,0.83674,0.8374,1.13,1.55
2013.04.29 21:19:05.077,0.83683,0.83749,1.13,5.25
2013.04.29 21:19:05.596,0.83683,0.83749,1.13,1.50
2013.04.29 21:19:06.756,0.83683,0.83749,1.13,1.50
2013.04.29 21:19:07.023,0.83683,0.83747,1.13,1.28
2013.04.29 21:19:07.267,0.83673,0.83743,1.13,1.28
2013.04.29 21:19:07.387,0.83673,0.83743,1.13,1.28
2013.04.29 21:19:08.267,0.83673,0.83743,1.13,1.28
2013.04.29 21:19:08.730,0.83676,0.83747,1.13,1.65
2013.04.29 21:19:12.648,0.83681,0.83751,1.13,2.03
2013.04.29 21:19:15.737,0.83682,0.83748,1.13,1.65
2013.04.29 21:19:16.607,0.83678,0.83752,1.28,4.28
2013.04.29 21:19:17.216,0.83687,0.83754,1.13,1.28
2013.04.29 21:19:17.337,0.83687,0.83754,1.13,1.28
2013.04.29 21:19:17.517,0.83685,0.83754,1.13,1.28
2013.04.29 21:19:17.577,0.8368,0.83751,1.13,1.28
2013.04.29 21:19:18.174,0.8368,0.83751,1.13,1.28
2013.04.29 21:19:20.198,0.8368,0.83751,1.13,1.28
2013.04.29 21:19:20.886,0.8368,0.83751,1.13,1.28
2013.04.29 21:19:26.439,0.83683,0.83755,1.13,4.28
2013.04.29 21:19:27.293,0.83684,0.83751,1.88,1.28
2013.04.29 21:19:32.407,0.83684,0.83749,1.88,1.28
2013.04.29 21:19:33.548,0.83684,0.83749,1.13,1.28
2013.04.29 21:19:34.297,0.83684,0.83751,1.88,1.88
2013.04.29 21:19:34.358,0.83681,0.83753,1.13,4.50
2013.04.29 21:19:34.536,0.83681,0.83755,1.13,2.03
2013.04.29 21:19:36.217,0.83681,0.83755,1.28,1.88
2013.04.29 21:19:36.277,0.83692,0.83755,1.13,1.50
2013.04.29 21:19:36.826,0.83692,0.83759,1.13,1.28
2013.04.29 21:19:37.147,0.83692,0.83754,1.13,1.65
2013.04.29 21:19:37.878,0.83685,0.83754,1.13,1.65
2013.04.29 21:19:40.717,0.83678,0.83753,1.13,1.13
2013.04.29 21:19:40.777,0.83678,0.83753,1.13,1.13
2013.04.29 21:19:40.956,0.83684,0.8376,1.13,1.28
2013.04.29 21:19:41.087,0.83684,0.8376,1.13,1.28
2013.04.29 21:19:41.647,0.83684,0.8376,1.13,2.03
2013.04.29 21:19:42.089,0.83693,0.83758,1.13,1.28
2013.04.29 21:19:42.988,0.83694,0.83761,1.13,1.28
2013.04.29 21:19:46.377,0.83698,0.83766,1.13,1.59
2013.04.29 21:19:47.217,0.83693,0.83761,1.50,1.28
2013.04.29 21:19:47.277,0.83705,0.83765,1.13,3.90
2013.04.29 21:19:47.457,0.83708,0.8379,1.50,1.09
2013.04.29 21:19:47.517,0.83708,0.83795,1.50,1.50
2013.04.29 21:19:48.135,0.83709,0.83792,1.13,1.13
2013.04.29 21:19:48.437,0.83706,0.83783,1.13,1.50
2013.04.29 21:19:50.277,0.83703,0.83783,1.13,1.50
2013.04.29 21:19:50.603,0.83703,0.83783,1.13,2.25
2013.04.29 21:19:50.908,0.83691,0.83756,1.50,1.13
2013.04.29 21:19:51.026,0.83682,0.83756,1.13,1.13
2013.04.29 21:19:51.736,0.83682,0.83756,1.13,1.13
2013.04.29 21:19:52.523,0.83679,0.83758,1.28,1.28
2013.04.29 21:19:53.047,0.83685,0.8376,1.13,1.28
2013.04.29 21:19:53.947,0.83685,0.8376,1.13,1.13
2013.04.29 21:19:54.563,0.83683,0.83761,1.13,1.13
2013.04.29 21:19:55.703,0.83701,0.83768,1.13,3.75
2013.04.29 21:19:55.893,0.83701,0.83774,1.13,5.03
2013.04.29 21:19:57.027,0.83698,0.83768,1.13,1.13
2013.04.29 21:19:57.827,0.83701,0.83768,1.13,1.13
2013.04.29 21:19:58.177,0.83706,0.83773,1.13,1.13
2013.04.29 21:19:58.697,0.83706,0.83773,1.13,1.13
2013.04.29 21:19:59.743,0.83708,0.83775,1.13,1.28
2013.04.29 21:20:02.228,0.83708,0.83775,1.13,1.28
2013.04.29 21:20:02.767,0.83706,0.83771,1.13,1.88
2013.04.29 21:20:03.828,0.83708,0.83772,1.13,1.13
2013.04.29 21:20:05.043,0.83714,0.83778,1.13,2.25
2013.04.29 21:20:05.108,0.83714,0.83773,1.13,1.69
2013.04.29 21:20:05.478,0.83714,0.83782,1.13,1.09
2013.04.29 21:20:06.777,0.83716,0.83782,1.13,1.09
2013.04.29 21:20:09.572,0.83719,0.83782,1.13,1.09
2013.04.29 21:20:12.017,0.83719,0.83786,1.13,1.50
2013.04.29 21:20:12.080,0.83721,0.83786,1.13,1.50
2013.04.29 21:20:12.196,0.83721,0.83792,1.13,2.44
2013.04.29 21:20:13.846,0.83719,0.83789,1.13,1.32
2013.04.29 21:20:15.194,0.83723,0.83792,1.13,4.69
2013.04.29 21:20:15.997,0.83723,0.83793,1.13,4.69
2013.04.29 21:20:16.527,0.83724,0.83795,1.13,1.09
2013.04.29 21:20:17.616,0.83724,0.83794,1.13,1.32
2013.04.29 21:20:18.257,0.83725,0.83794,1.13,1.32
2013.04.29 21:20:18.377,0.83724,0.83794,1.13,1.32
2013.04.29 21:20:19.108,0.83724,0.83796,1.13,1.28
2013.04.29 21:20:19.167,0.83728,0.83797,1.13,2.25
2013.04.29 21:20:19.508,0.83728,0.83801,1.13,5.07
2013.04.29 21:20:20.058,0.83729,0.83798,1.13,1.69
2013.04.29 21:20:20.478,0.83729,0.83797,1.13,1.69
2013.04.29 21:20:21.633,0.83726,0.83797,1.13,1.69
2013.04.29 21:20:21.702,0.83726,0.83797,1.13,1.69
2013.04.29 21:20:25.507,0.83726,0.83795,1.13,1.13
2013.04.29 21:20:28.247,0.83735,0.83792,1.13,1.69
2013.04.29 21:20:28.487,0.83724,0.83792,1.13,1.69
2013.04.29 21:20:30.188,0.83724,0.83792,1.88,1.69
2013.04.29 21:20:30.487,0.83727,0.83792,1.13,1.69
2013.04.29 21:20:30.807,0.83722,0.83786,1.13,1.13
2013.04.29 21:20:31.212,0.83719,0.83786,3.19,1.13
2013.04.29 21:20:32.787,0.83721,0.83787,2.03,2.07
2013.04.29 21:20:32.966,0.83725,0.83791,2.03,2.82
2013.04.29 21:20:36.448,0.83726,0.8379,1.13,1.32
2013.04.29 21:20:37.397,0.83725,0.83787,2.25,1.13
2013.04.29 21:20:37.757,0.83723,0.83779,1.13,1.32
2013.04.29 21:20:38.557,0.83731,0.83789,1.13,1.65
2013.04.29 21:20:38.617,0.83732,0.83789,2.03,1.50
2013.04.29 21:20:38.677,0.83738,0.83791,1.13,1.50
2013.04.29 21:20:38.797,0.83738,0.83791,1.13,1.69
2013.04.29 21:20:38.917,0.83729,0.83791,1.28,1.69
2013.04.29 21:20:39.037,0.83734,0.83801,1.69,1.69
2013.04.29 21:20:39.097,0.83733,0.83794,1.50,1.13
2013.04.29 21:20:39.157,0.83733,0.83804,1.88,1.32
2013.04.29 21:20:39.707,0.83747,0.83801,1.13,1.69
2013.04.29 21:20:40.268,0.83747,0.83804,1.13,1.32
2013.04.29 21:20:40.387,0.83746,0.83804,1.13,2.07
2013.04.29 21:20:40.447,0.83737,0.83804,1.50,2.07
2013.04.29 21:20:40.598,0.8373,0.83804,1.28,2.07
2013.04.29 21:20:40.837,0.8373,0.83804,1.28,2.07
2013.04.29 21:20:41.496,0.83733,0.83796,1.13,2.14
2013.04.29 21:20:42.030,0.83752,0.83805,1.13,5.82
2013.04.29 21:20:43.347,0.83737,0.83805,1.88,1.32
2013.04.29 21:20:43.407,0.83734,0.83802,2.07,1.32
2013.04.29 21:20:43.910,0.83734,0.83802,1.69,1.32
2013.04.29 21:20:44.237,0.83732,0.83802,1.47,1.13
2013.04.29 21:20:44.596,0.83755,0.83812,1.13,1.50
2013.04.29 21:20:45.117,0.83749,0.83812,1.13,1.13
2013.04.29 21:20:45.237,0.83741,0.83807,1.13,1.69
2013.04.29 21:20:45.297,0.8373,0.83802,4.50,1.13
2013.04.29 21:20:45.417,0.83737,0.83807,1.13,1.69
2013.04.29 21:20:45.476,0.83729,0.83797,1.50,1.13
2013.04.29 21:20:45.737,0.83728,0.83797,1.69,1.13
2013.04.29 21:20:46.256,0.83728,0.83797,1.69,1.13
2013.04.29 21:20:46.856,0.83742,0.83808,1.13,1.69
2013.04.29 21:20:46.977,0.83746,0.83809,1.09,4.50
2013.04.29 21:20:47.517,0.83733,0.83804,1.50,1.13
2013.04.29 21:20:47.577,0.8373,0.83805,4.50,1.13
2013.04.29 21:20:47.817,0.83725,0.83798,1.13,1.13
2013.04.29 21:20:47.937,0.83721,0.83802,1.13,1.50
2013.04.29 21:20:47.997,0.83719,0.83802,1.13,1.50
2013.04.29 21:20:48.618,0.83744,0.83801,1.50,2.25
2013.04.29 21:20:48.976,0.83753,0.83815,1.13,1.13
2013.04.29 21:20:49.037,0.83759,0.83815,1.13,1.32
2013.04.29 21:20:49.158,0.8375,0.83815,1.50,2.07
2013.04.29 21:20:49.217,0.83747,0.8381,1.09,1.13
2013.04.29 21:20:49.277,0.8374,0.83806,4.69,1.13
2013.04.29 21:20:49.338,0.83734,0.83803,4.88,1.13
2013.04.29 21:20:49.397,0.83734,0.83801,4.50,1.13
2013.04.29 21:20:49.577,0.83719,0.83801,1.50,1.88
2013.04.29 21:20:49.697,0.83725,0.83801,1.13,1.50
2013.04.29 21:20:50.057,0.83721,0.83796,1.13,1.50
2013.04.29 21:20:50.177,0.83724,0.83797,1.13,1.50
2013.04.29 21:20:50.298,0.83731,0.83797,1.13,1.50
2013.04.29 21:20:50.607,0.83734,0.83796,1.13,1.50
2013.04.29 21:20:51.708,0.83734,0.83799,1.13,1.69
2013.04.29 21:20:51.827,0.83734,0.83799,1.13,1.69
2013.04.29 21:20:51.947,0.83728,0.83803,1.69,1.50
2013.04.29 21:20:53.447,0.83724,0.83798,1.32,1.13
2013.04.29 21:20:54.148,0.83724,0.83798,1.32,1.13
2013.04.29 21:20:54.207,0.83723,0.83798,1.88,1.13
2013.04.29 21:20:54.447,0.83723,0.83785,1.50,1.13
2013.04.29 21:20:54.567,0.83706,0.83785,1.13,1.13
2013.04.29 21:20:54.807,0.83703,0.83785,1.13,1.13
2013.04.29 21:20:55.826,0.83703,0.8378,1.50,1.13
2013.04.29 21:20:56.126,0.8368,0.83768,1.13,1.13
2013.04.29 21:20:56.246,0.8368,0.83764,1.13,1.13
2013.04.29 21:20:56.774,0.8368,0.83764,1.13,1.13
2013.04.29 21:20:57.286,0.8368,0.83764,1.13,1.13
2013.04.29 21:20:58.417,0.8368,0.83764,1.13,1.13
2013.04.29 21:20:58.767,0.83668,0.83745,1.88,1.13
2013.04.29 21:20:58.827,0.83665,0.83745,1.88,1.13
2013.04.29 21:21:00.186,0.83662,0.83746,1.13,2.25
2013.04.29 21:21:00.671,0.83669,0.83746,1.13,2.25
2013.04.29 21:21:01.035,0.83674,0.83747,1.13,2.25
2013.04.29 21:21:01.959,0.83674,0.83747,1.13,1.50
2013.04.29 21:21:02.279,0.83671,0.83747,1.13,1.88
2013.04.29 21:21:02.586,0.83671,0.83747,1.13,1.88
2013.04.29 21:21:03.096,0.8367,0.83744,1.13,1.50
2013.04.29 21:21:04.597,0.8367,0.83744,1.13,1.50
2013.04.29 21:21:06.396,0.8367,0.83744,1.13,1.50
2013.04.29 21:21:07.526,0.83683,0.83743,1.13,1.50
2013.04.29 21:21:08.326,0.83683,0.83745,1.13,1.50
2013.04.29 21:21:09.017,0.83686,0.83745,1.13,1.50
2013.04.29 21:21:09.576,0.83686,0.83748,1.13,1.50
2013.04.29 21:21:10.836,0.83687,0.83748,1.13,1.50
2013.04.29 21:21:12.193,0.83689,0.83748,1.13,1.50
2013.04.29 21:21:15.366,0.83674,0.83748,1.13,1.50
2013.04.29 21:21:15.546,0.83681,0.83751,1.13,1.13
2013.04.29 21:21:19.929,0.83678,0.83747,1.13,1.13
2013.04.29 21:21:20.297,0.8372,0.83763,1.13,1.13
2013.04.29 21:21:22.066,0.8372,0.83776,1.13,1.88
2013.04.29 21:21:23.049,0.8372,0.83777,1.13,1.69
2013.04.29 21:21:26.157,0.83727,0.83777,1.13,1.69
2013.04.29 21:21:26.276,0.8372,0.83777,1.13,1.69
2013.04.29 21:21:26.767,0.83728,0.83777,1.13,1.69
2013.04.29 21:21:27.028,0.8372,0.83777,1.13,1.69
2013.04.29 21:21:27.657,0.83729,0.83777,1.13,1.69
2013.04.29 21:21:27.811,0.8372,0.83777,1.13,1.69
2013.04.29 21:21:28.333,0.83722,0.83781,1.13,1.69
2013.04.29 21:21:29.186,0.8372,0.83782,1.28,1.69
2013.04.29 21:21:29.306,0.83727,0.83787,1.13,1.69
2013.04.29 21:21:29.806,0.83727,0.83786,1.13,1.69
2013.04.29 21:21:29.927,0.83724,0.83783,1.50,1.69
2013.04.29 21:21:30.257,0.8372,0.83781,1.13,1.69
2013.04.29 21:21:30.573,0.8372,0.83781,1.13,1.69
2013.04.29 21:21:30.876,0.8373,0.83788,1.13,1.32
2013.04.29 21:21:31.987,0.83731,0.83791,1.13,1.47
2013.04.29 21:21:35.796,0.8373,0.83789,1.13,1.32
2013.04.29 21:21:38.887,0.8373,0.83789,1.13,1.32
2013.04.29 21:21:38.961,0.83731,0.83789,1.13,1.13
2013.04.29 21:21:40.287,0.83731,0.83788,1.13,1.13
2013.04.29 21:21:42.126,0.83731,0.83789,1.13,1.32
2013.04.29 21:21:49.256,0.83731,0.8379,1.13,1.09
2013.04.29 21:21:49.579,0.83731,0.83795,1.13,1.28
2013.04.29 21:21:51.473,0.83731,0.83795,1.13,1.28
2013.04.29 21:21:52.816,0.83731,0.83795,1.13,1.28
2013.04.29 21:21:57.797,0.8373,0.83792,1.13,1.28
2013.04.29 21:22:00.546,0.83731,0.83792,1.13,1.65
2013.04.29 21:22:01.406,0.83731,0.8379,1.13,1.28
2013.04.29 21:22:01.881,0.83723,0.83772,1.13,1.09
2013.04.29 21:22:02.620,0.83723,0.83772,1.13,1.09
2013.04.29 21:22:02.958,0.83722,0.83776,1.13,1.09
2013.04.29 21:22:03.078,0.8371,0.83767,1.65,1.69
2013.04.29 21:22:06.286,0.83697,0.8378,1.20,1.13
2013.04.29 21:22:06.407,0.83694,0.83773,1.65,1.50
2013.04.29 21:22:06.787,0.83688,0.83773,1.13,1.88
2013.04.29 21:22:06.986,0.83689,0.83771,1.13,2.25
2013.04.29 21:22:07.906,0.83689,0.83771,1.13,2.25
2013.04.29 21:22:09.746,0.83694,0.83768,1.13,1.13
2013.04.29 21:22:10.615,0.83694,0.83765,1.13,1.13
2013.04.29 21:22:10.797,0.83687,0.83748,1.50,1.32
2013.04.29 21:22:10.856,0.83684,0.83748,1.13,1.32
2013.04.29 21:22:12.206,0.83681,0.83745,1.13,1.88
2013.04.29 21:22:13.876,0.83686,0.83746,1.13,1.13
2013.04.29 21:22:16.667,0.83686,0.83745,1.13,1.50
2013.04.29 21:22:16.727,0.83663,0.83731,1.13,1.13
2013.04.29 21:22:19.537,0.83669,0.83736,1.13,1.88
2013.04.29 21:22:19.668,0.83658,0.83736,1.13,1.50
2013.04.29 21:22:20.216,0.83658,0.83736,1.65,2.25
2013.04.29 21:22:20.276,0.83658,0.8374,1.65,2.44
2013.04.29 21:22:21.036,0.83658,0.83739,1.65,2.44
2013.04.29 21:22:24.236,0.83656,0.83735,1.28,3.75
2013.04.29 21:22:24.537,0.83659,0.8373,1.28,2.44
2013.04.29 21:22:25.447,0.83659,0.8373,1.20,2.44
2013.04.29 21:22:25.837,0.83656,0.8373,1.28,2.44
2013.04.29 21:22:26.967,0.83654,0.8373,1.65,2.82
2013.04.29 21:22:29.252,0.83663,0.83721,1.58,1.69
2013.04.29 21:22:29.859,0.83666,0.83722,1.13,1.69
2013.04.29 21:22:30.217,0.83668,0.83726,1.65,1.13
2013.04.29 21:22:30.277,0.8367,0.83726,2.02,1.13
2013.04.29 21:22:30.697,0.8367,0.83726,2.02,1.13
2013.04.29 21:22:31.238,0.8367,0.83732,2.77,1.13
2013.04.29 21:22:31.597,0.83671,0.8373,1.50,2.44
2013.04.29 21:22:33.820,0.83673,0.8373,1.13,2.44
2013.04.29 21:22:33.947,0.83659,0.83726,1.65,1.13
2013.04.29 21:22:35.967,0.83659,0.83723,1.35,1.13
2013.04.29 21:22:38.367,0.83659,0.83723,1.35,1.13
2013.04.29 21:22:38.487,0.83661,0.83727,1.13,2.07
2013.04.29 21:22:39.467,0.83663,0.83729,1.13,2.07
2013.04.29 21:22:40.841,0.83663,0.83728,1.13,2.07
2013.04.29 21:22:41.164,0.83669,0.83728,1.13,2.07
2013.04.29 21:22:43.327,0.83669,0.83728,1.58,2.07
2013.04.29 21:22:43.911,0.83671,0.83728,1.58,2.07
2013.04.29 21:22:44.217,0.83671,0.83729,1.65,2.07
2013.04.29 21:22:44.757,0.83671,0.83728,1.65,2.07
2013.04.29 21:22:45.097,0.8367,0.83728,1.28,2.07
2013.04.29 21:22:49.319,0.8367,0.83728,1.28,2.07
2013.04.29 21:22:49.858,0.8367,0.83722,1.28,1.13
2013.04.29 21:22:50.217,0.83673,0.83722,1.62,1.69
2013.04.29 21:22:50.704,0.83673,0.83721,1.62,1.69
2013.04.29 21:22:50.827,0.83657,0.83721,1.13,1.69
2013.04.29 21:22:51.127,0.83655,0.83722,1.13,1.69
2013.04.29 21:22:53.780,0.83655,0.83721,1.13,1.69
2013.04.29 21:22:55.088,0.83656,0.83721,1.13,1.69
2013.04.29 21:22:55.417,0.83662,0.83721,1.50,1.69
2013.04.29 21:22:55.477,0.83662,0.83724,1.50,1.13
2013.04.29 21:22:55.537,0.83669,0.83724,1.50,1.13
2013.04.29 21:22:55.597,0.83669,0.83726,1.50,1.50
2013.04.29 21:22:56.295,0.83669,0.83726,1.50,1.13
2013.04.29 21:22:56.873,0.83669,0.83727,1.50,1.69
2013.04.29 21:22:57.297,0.83671,0.83728,1.28,1.69
2013.04.29 21:22:57.647,0.83671,0.83721,1.28,1.13
2013.04.29 21:22:58.087,0.83671,0.83712,1.28,1.13
2013.04.29 21:22:58.207,0.83669,0.83712,1.50,1.13
2013.04.29 21:22:58.881,0.83669,0.83711,1.50,1.13
2013.04.29 21:23:00.947,0.83669,0.83712,1.50,1.13
2013.04.29 21:23:02.258,0.83669,0.83712,1.50,1.13
2013.04.29 21:23:03.067,0.83669,0.83716,1.50,1.13
2013.04.29 21:23:04.058,0.83669,0.83716,1.50,1.13
2013.04.29 21:23:04.192,0.83669,0.8372,1.50,1.13
2013.04.29 21:23:04.717,0.83669,0.83721,1.50,1.13
2013.04.29 21:23:05.248,0.83671,0.83721,1.20,1.13
2013.04.29 21:23:05.700,0.83672,0.83721,1.58,1.13
2013.04.29 21:23:06.057,0.83678,0.83724,1.50,1.13
2013.04.29 21:23:06.958,0.83678,0.83725,1.50,1.13
2013.04.29 21:23:09.098,0.83681,0.8373,1.50,1.13
2013.04.29 21:23:10.017,0.83681,0.83725,1.50,1.13
2013.04.29 21:23:11.147,0.83681,0.83725,1.50,1.13
2013.04.29 21:23:12.557,0.83674,0.83724,1.50,1.13
2013.04.29 21:23:13.457,0.83674,0.83716,1.50,1.13
2013.04.29 21:23:15.688,0.83679,0.83716,1.50,1.13
2013.04.29 21:23:16.648,0.8368,0.83721,1.50,1.13
2013.04.29 21:23:17.008,0.83688,0.83721,1.50,1.13
2013.04.29 21:23:17.067,0.83688,0.83726,1.50,1.13
2013.04.29 21:23:17.427,0.83688,0.83719,1.50,1.13
2013.04.29 21:23:18.034,0.83688,0.8372,1.50,1.13
2013.04.29 21:23:19.178,0.83688,0.8372,1.50,1.13
2013.04.29 21:23:20.047,0.83688,0.8372,1.50,1.13
2013.04.29 21:23:20.853,0.83688,0.8372,1.50,1.13
2013.04.29 21:23:22.727,0.83688,0.8372,1.50,1.13
2013.04.29 21:23:22.858,0.83687,0.8372,1.50,1.13
2013.04.29 21:23:23.534,0.83682,0.8372,1.50,1.13
2013.04.29 21:23:24.027,0.83682,0.8372,1.50,1.13
2013.04.29 21:23:24.541,0.83682,0.83724,1.50,1.13
2013.04.29 21:23:28.048,0.83682,0.83724,1.50,1.13
2013.04.29 21:23:31.917,0.83682,0.83724,1.50,1.13
2013.04.29 21:23:33.148,0.83682,0.83724,1.50,1.13
2013.04.29 21:23:36.697,0.83682,0.83724,1.50,1.13
2013.04.29 21:23:38.198,0.83682,0.83723,1.50,1.13
2013.04.29 21:23:43.227,0.83685,0.83723,1.50,1.13
2013.04.29 21:23:43.747,0.83685,0.83723,1.50,1.13
2013.04.29 21:23:43.807,0.83685,0.83723,1.50,1.13
2013.04.29 21:23:44.707,0.83685,0.83719,1.50,1.13
2013.04.29 21:23:45.270,0.83685,0.83719,2.10,1.13
2013.04.29 21:23:45.818,0.83685,0.83719,2.10,1.13
2013.04.29 21:23:50.079,0.83685,0.83719,2.10,1.13
2013.04.29 21:23:50.605,0.83685,0.83719,2.10,1.13
2013.04.29 21:23:53.658,0.83685,0.83719,2.10,1.13
2013.04.29 21:23:53.717,0.83685,0.83719,1.50,1.13
2013.04.29 21:23:53.899,0.83676,0.83719,1.50,1.13
2013.04.29 21:23:54.414,0.83676,0.83719,1.50,1.13
2013.04.29 21:23:57.407,0.83677,0.83719,1.35,1.13
2013.04.29 21:23:57.937,0.83677,0.83719,1.35,1.13
2013.04.29 21:23:59.107,0.83677,0.83719,1.35,1.13
2013.04.29 21:23:59.242,0.83678,0.83719,1.50,1.13
2013.04.29 21:23:59.309,0.83684,0.83719,1.50,1.13
2013.04.29 21:23:59.428,0.83684,0.83725,1.65,1.69
2013.04.29 21:23:59.608,0.83684,0.83725,1.50,2.07
2013.04.29 21:23:59.667,0.83684,0.83725,1.50,2.07
2013.04.29 21:24:00.273,0.83684,0.83729,1.50,1.13
2013.04.29 21:24:02.687,0.83684,0.83729,1.50,1.13
2013.04.29 21:24:03.478,0.83684,0.83726,1.50,1.13
2013.04.29 21:24:04.028,0.83684,0.8372,1.50,1.13
2013.04.29 21:24:09.746,0.83684,0.8372,1.50,1.13
2013.04.29 21:24:10.218,0.83677,0.83716,1.95,1.13
2013.04.29 21:24:10.397,0.83674,0.83716,1.50,1.13
2013.04.29 21:24:11.778,0.83674,0.83716,1.50,1.13
2013.04.29 21:24:12.257,0.83674,0.83713,1.20,1.13
2013.04.29 21:24:12.807,0.83672,0.83713,1.50,1.13
2013.04.29 21:24:13.525,0.83674,0.83713,1.35,1.13
2013.04.29 21:24:13.688,0.83674,0.83713,1.35,1.13
2013.04.29 21:24:13.748,0.83679,0.83717,1.35,1.13
2013.04.29 21:24:13.867,0.83679,0.83717,1.35,1.13
2013.04.29 21:24:13.988,0.83679,0.8372,1.35,1.13
2013.04.29 21:24:14.287,0.83674,0.83714,1.50,1.13
2013.04.29 21:24:14.818,0.83674,0.83714,1.28,1.13
2013.04.29 21:24:15.681,0.83674,0.83714,1.28,1.13
2013.04.29 21:24:15.949,0.83674,0.83714,1.20,1.13
2013.04.29 21:24:16.167,0.83674,0.83714,1.28,1.13
2013.04.29 21:24:16.678,0.83675,0.83713,1.28,1.13
2013.04.29 21:24:17.227,0.83675,0.83713,1.28,1.13
2013.04.29 21:24:19.517,0.83675,0.83709,1.35,1.13
2013.04.29 21:24:20.830,0.83677,0.83714,1.35,1.13
2013.04.29 21:24:25.478,0.83676,0.83718,1.35,1.13
2013.04.29 21:24:25.718,0.83674,0.83718,1.50,1.13
2013.04.29 21:24:25.838,0.83672,0.83718,1.50,1.13
2013.04.29 21:24:26.983,0.83674,0.83718,1.20,1.13
2013.04.29 21:24:27.679,0.83674,0.83718,1.20,1.13
2013.04.29 21:24:30.219,0.83674,0.83718,1.20,1.13
2013.04.29 21:24:30.498,0.83669,0.83718,2.85,1.50
2013.04.29 21:24:30.558,0.83682,0.83718,1.50,1.50
2013.04.29 21:24:30.617,0.83684,0.83722,1.50,1.13
2013.04.29 21:24:30.737,0.83684,0.83733,1.50,1.50
2013.04.29 21:24:31.278,0.83684,0.83737,1.50,1.13
2013.04.29 21:24:32.084,0.83684,0.83737,1.50,1.13
2013.04.29 21:24:34.527,0.83684,0.83738,1.50,1.13
2013.04.29 21:24:40.989,0.83684,0.83738,1.50,1.13
2013.04.29 21:24:45.809,0.83684,0.83738,1.50,1.13
2013.04.29 21:24:46.735,0.83685,0.83738,1.28,1.13
2013.04.29 21:24:47.147,0.83685,0.83738,1.35,1.13
2013.04.29 21:24:47.697,0.83685,0.83738,1.35,1.13
2013.04.29 21:24:48.338,0.83685,0.83738,1.87,1.13
2013.04.29 21:24:51.137,0.83688,0.83738,1.35,1.13
2013.04.29 21:24:52.386,0.83691,0.83737,1.35,1.13
2013.04.29 21:24:55.392,0.83691,0.83737,1.35,1.13
2013.04.29 21:24:56.908,0.8369,0.83737,1.50,1.13
2013.04.29 21:24:58.107,0.8369,0.83737,1.50,1.13
2013.04.29 21:25:01.919,0.8369,0.83737,1.50,1.13
2013.04.29 21:25:02.947,0.8369,0.83737,1.50,1.13
2013.04.29 21:25:05.558,0.8369,0.83737,1.50,1.13
2013.04.29 21:25:06.841,0.8369,0.83737,1.50,1.13
2013.04.29 21:25:09.917,0.83696,0.83737,1.13,1.13
2013.04.29 21:25:09.977,0.83696,0.83751,1.13,1.13
2013.04.29 21:25:10.157,0.83698,0.83753,1.88,1.50
2013.04.29 21:25:10.278,0.83698,0.83753,1.88,1.50
2013.04.29 21:25:11.058,0.83708,0.8376,1.50,1.13
2013.04.29 21:25:11.807,0.83708,0.83762,1.50,1.13
2013.04.29 21:25:12.510,0.83715,0.83762,1.50,1.13
2013.04.29 21:25:12.920,0.83707,0.83763,2.25,1.13
2013.04.29 21:25:12.977,0.83707,0.83763,1.50,1.13
2013.04.29 21:25:13.585,0.83707,0.83762,1.50,1.13
2013.04.29 21:25:14.150,0.83707,0.83762,1.50,1.13
2013.04.29 21:25:15.988,0.83707,0.83762,1.50,1.13
2013.04.29 21:25:16.837,0.83707,0.83762,1.50,1.13
2013.04.29 21:25:17.847,0.83715,0.83763,1.50,1.13
2013.04.29 21:25:19.427,0.83715,0.83762,1.50,1.13
2013.04.29 21:25:24.067,0.83715,0.83761,1.50,1.13
2013.04.29 21:25:25.027,0.83715,0.83763,1.50,1.13
2013.04.29 21:25:27.648,0.83715,0.83763,1.50,1.13
2013.04.29 21:25:29.598,0.83717,0.83759,1.50,1.13
2013.04.29 21:25:29.717,0.83711,0.83759,1.50,1.13
2013.04.29 21:25:29.837,0.83711,0.83762,1.50,1.13
2013.04.29 21:25:33.807,0.83713,0.83766,1.50,1.13
2013.04.29 21:25:33.987,0.83719,0.83767,1.50,1.13
2013.04.29 21:25:34.255,0.83719,0.83773,1.50,1.13
2013.04.29 21:25:35.188,0.83719,0.83773,1.50,1.13
2013.04.29 21:25:35.428,0.83718,0.83773,2.25,1.13
2013.04.29 21:25:35.849,0.83719,0.83773,1.50,1.13
2013.04.29 21:25:36.544,0.83724,0.83774,2.25,1.50
2013.04.29 21:25:37.083,0.83719,0.83774,1.50,1.50
2013.04.29 21:25:37.736,0.83719,0.83774,1.50,1.13
2013.04.29 21:25:46.027,0.83717,0.83767,2.25,1.13
2013.04.29 21:25:46.147,0.83711,0.83767,1.50,1.13
2013.04.29 21:25:46.557,0.83718,0.83767,1.50,1.13
2013.04.29 21:25:47.007,0.83719,0.83775,1.13,1.13
2013.04.29 21:25:47.127,0.83718,0.83775,1.88,1.13
2013.04.29 21:25:47.427,0.83719,0.83779,1.88,1.13
2013.04.29 21:25:47.547,0.8373,0.83779,1.50,1.13
2013.04.29 21:25:48.068,0.8373,0.83783,1.50,1.13
2013.04.29 21:25:48.909,0.8373,0.83783,1.50,1.13
2013.04.29 21:25:50.192,0.83728,0.83783,1.50,1.13
2013.04.29 21:25:51.647,0.83728,0.83783,1.50,1.13
2013.04.29 21:25:56.936,0.83731,0.83785,1.50,1.13
2013.04.29 21:25:57.117,0.83735,0.83791,1.50,1.13
2013.04.29 21:25:57.176,0.83735,0.83792,1.50,1.13
2013.04.29 21:26:01.218,0.83735,0.83794,1.50,1.50
2013.04.29 21:26:03.029,0.83737,0.83791,1.50,1.13
2013.04.29 21:26:05.207,0.83737,0.83797,1.50,1.13
2013.04.29 21:26:05.267,0.83739,0.83798,1.50,1.13
2013.04.29 21:26:06.177,0.83737,0.838,1.50,1.13
2013.04.29 21:26:06.237,0.83739,0.83802,1.13,2.25
2013.04.29 21:26:06.706,0.83743,0.83804,1.50,1.13
2013.04.29 21:26:07.389,0.83743,0.83802,1.50,2.07
2013.04.29 21:26:08.687,0.83741,0.83801,1.50,1.50
2013.04.29 21:26:10.165,0.83741,0.838,1.50,1.13
2013.04.29 21:26:12.968,0.83741,0.838,1.50,1.13
2013.04.29 21:26:15.229,0.83741,0.83802,1.50,2.82
2013.04.29 21:26:16.617,0.83743,0.83806,1.13,1.32
2013.04.29 21:26:16.988,0.83747,0.83807,1.13,1.69
2013.04.29 21:26:17.408,0.83749,0.83812,1.50,1.69
2013.04.29 21:26:19.177,0.83747,0.83811,1.50,1.69
2013.04.29 21:26:19.237,0.83747,0.83811,1.13,1.69
2013.04.29 21:26:19.298,0.83744,0.83811,1.88,1.69
2013.04.29 21:26:19.913,0.83744,0.83816,1.13,1.32
2013.04.29 21:26:20.437,0.83744,0.83811,1.88,1.69
2013.04.29 21:26:21.958,0.83744,0.83811,1.13,1.69
2013.04.29 21:26:23.028,0.83742,0.83807,1.13,1.69
2013.04.29 21:26:24.547,0.83742,0.83806,1.13,1.69
2013.04.29 21:26:25.769,0.8374,0.83806,1.13,1.32
2013.04.29 21:26:26.307,0.8374,0.83802,1.13,1.69
2013.04.29 21:26:27.869,0.83734,0.838,1.13,1.32
2013.04.29 21:26:28.048,0.83734,0.838,1.13,1.32
2013.04.29 21:26:28.589,0.83734,0.83793,1.13,1.69
2013.04.29 21:26:28.768,0.83724,0.83781,1.13,2.05
2013.04.29 21:26:28.887,0.83722,0.83771,4.50,1.84
2013.04.29 21:26:29.247,0.83706,0.83758,1.13,1.13
2013.04.29 21:26:29.319,0.83704,0.83757,1.13,1.13
2013.04.29 21:26:30.217,0.83699,0.83758,1.28,1.13
2013.04.29 21:26:31.537,0.83695,0.83758,1.65,1.13
2013.04.29 21:26:32.957,0.83708,0.83755,1.13,1.13
2013.04.29 21:26:33.758,0.83708,0.83754,2.11,1.13
2013.04.29 21:26:34.307,0.83709,0.83754,1.82,1.13
2013.04.29 21:26:34.774,0.83715,0.83754,1.21,1.13
2013.04.29 21:26:35.098,0.83717,0.83754,1.54,1.13
2013.04.29 21:26:35.846,0.83719,0.83754,1.32,1.13
2013.04.29 21:26:36.425,0.83724,0.83755,2.37,1.13
2013.04.29 21:26:37.999,0.83724,0.83755,2.37,1.13
2013.04.29 21:26:38.407,0.83724,0.83755,1.35,1.13
2013.04.29 21:26:38.467,0.8372,0.83755,1.84,1.13
2013.04.29 21:26:39.048,0.8372,0.83755,1.84,1.13
2013.04.29 21:26:39.228,0.8372,0.83755,1.84,1.13
2013.04.29 21:26:39.287,0.83719,0.83755,1.20,1.13
2013.04.29 21:26:40.067,0.83718,0.83755,1.71,1.13
2013.04.29 21:26:42.967,0.83718,0.83755,1.71,1.13
2013.04.29 21:26:43.027,0.83702,0.83755,1.13,1.13
2013.04.29 21:26:44.648,0.83702,0.83754,1.13,1.13
2013.04.29 21:26:46.708,0.83702,0.83754,1.13,1.13
2013.04.29 21:26:46.768,0.83692,0.83755,1.28,1.13
2013.04.29 21:26:47.247,0.83693,0.83755,1.28,1.13
2013.04.29 21:26:48.037,0.83694,0.83755,1.28,1.13
2013.04.29 21:26:55.478,0.83695,0.83746,1.13,1.13
2013.04.29 21:26:55.538,0.8369,0.83745,1.35,1.13
2013.04.29 21:26:55.898,0.83668,0.8372,2.25,1.13
2013.04.29 21:26:56.077,0.8366,0.83721,1.13,1.13
2013.04.29 21:26:56.317,0.8366,0.83721,1.13,1.13
2013.04.29 21:26:56.787,0.8366,0.83727,1.13,1.13
2013.04.29 21:26:57.017,0.8366,0.83726,1.65,1.13
2013.04.29 21:26:58.519,0.83662,0.83728,1.65,1.13
2013.04.29 21:26:58.718,0.83657,0.83721,1.13,1.13
2013.04.29 21:27:00.277,0.83659,0.83725,1.13,1.13
2013.04.29 21:27:00.397,0.83661,0.83727,1.13,1.13
2013.04.29 21:27:00.457,0.83669,0.83732,1.13,1.13
2013.04.29 21:27:00.762,0.83663,0.83727,1.13,1.13
2013.04.29 21:27:01.007,0.83663,0.83727,1.13,1.13
2013.04.29 21:27:01.068,0.83669,0.83732,1.13,1.13
2013.04.29 21:27:01.611,0.83663,0.83727,1.13,1.13
2013.04.29 21:27:01.978,0.83663,0.83726,1.13,1.13
2013.04.29 21:27:02.217,0.83663,0.83727,1.13,1.13
2013.04.29 21:27:04.859,0.83664,0.83726,1.65,1.13
2013.04.29 21:27:05.208,0.83664,0.83726,1.73,1.13
2013.04.29 21:27:05.807,0.8368,0.83734,1.13,2.07
2013.04.29 21:27:06.367,0.83661,0.83727,1.88,1.13
2013.04.29 21:27:07.468,0.83661,0.83727,2.33,1.13
2013.04.29 21:27:10.267,0.83665,0.83729,1.58,1.13
2013.04.29 21:27:13.317,0.83667,0.8373,1.58,1.13
2013.04.29 21:27:14.068,0.83664,0.83727,1.20,1.13
2013.04.29 21:27:15.767,0.83664,0.83728,1.20,1.13
2013.04.29 21:27:16.587,0.83661,0.83733,1.13,1.69
2013.04.29 21:27:17.384,0.83661,0.83727,1.13,1.13
2013.04.29 21:27:17.939,0.83661,0.83726,1.13,1.13
2013.04.29 21:27:18.509,0.83664,0.83729,1.13,1.13
2013.04.29 21:27:20.363,0.83667,0.83732,1.13,1.13
2013.04.29 21:27:22.248,0.83669,0.83732,1.13,1.13
2013.04.29 21:27:27.667,0.83673,0.83733,1.50,1.69
2013.04.29 21:27:28.620,0.83673,0.83731,1.50,1.13
2013.04.29 21:27:28.693,0.83668,0.83734,1.13,1.69
2013.04.29 21:27:29.687,0.83675,0.83739,1.13,1.69
2013.04.29 21:27:29.988,0.83682,0.83739,1.13,2.07
2013.04.29 21:27:30.048,0.83679,0.83739,1.88,2.07
2013.04.29 21:27:31.618,0.83679,0.83735,1.13,1.69
2013.04.29 21:27:31.869,0.83677,0.83735,1.13,1.69
2013.04.29 21:27:32.557,0.83675,0.83733,1.13,1.69
2013.04.29 21:27:33.078,0.83675,0.83733,1.13,1.69
2013.04.29 21:27:36.979,0.83675,0.83734,1.13,1.13
2013.04.29 21:27:37.098,0.83675,0.83734,1.13,1.13
2013.04.29 21:27:40.999,0.83679,0.83737,1.13,1.84
2013.04.29 21:27:44.918,0.83679,0.83736,1.13,1.84
2013.04.29 21:27:45.755,0.83679,0.83741,1.20,1.65
2013.04.29 21:27:47.758,0.83683,0.83741,1.28,1.13
2013.04.29 21:27:47.938,0.83683,0.83745,1.35,1.09
2013.04.29 21:27:48.248,0.83684,0.83746,1.28,2.59
2013.04.29 21:27:48.818,0.83684,0.83746,1.28,1.84
2013.04.29 21:27:52.788,0.8369,0.83746,1.28,1.84
2013.04.29 21:27:55.340,0.83692,0.83754,1.65,1.88
2013.04.29 21:27:55.859,0.83692,0.83754,1.65,1.13
2013.04.29 21:28:00.698,0.83698,0.83755,1.13,1.13
2013.04.29 21:28:04.688,0.83704,0.83755,1.50,1.13
2013.04.29 21:28:04.807,0.83706,0.83755,1.50,1.13
2013.04.29 21:28:04.868,0.83706,0.83755,1.73,1.13
2013.04.29 21:28:07.467,0.83705,0.83764,1.73,1.13
2013.04.29 21:28:08.026,0.83706,0.83763,1.58,1.28
2013.04.29 21:28:10.249,0.83704,0.83762,1.58,1.28
2013.04.29 21:28:11.047,0.83701,0.83759,1.35,2.07
2013.04.29 21:28:11.778,0.83699,0.83759,1.20,2.22
2013.04.29 21:28:13.708,0.83698,0.83758,1.20,2.03
2013.04.29 21:28:14.265,0.83698,0.8376,1.20,1.28
2013.04.29 21:28:14.668,0.83698,0.8376,1.20,1.28
2013.04.29 21:28:15.083,0.83698,0.83757,1.13,1.28
2013.04.29 21:28:15.908,0.83698,0.83757,1.13,1.28
2013.04.29 21:28:16.029,0.83692,0.83753,1.13,1.69
2013.04.29 21:28:16.795,0.83692,0.83753,1.13,1.69
2013.04.29 21:28:17.798,0.83693,0.83748,1.13,1.50
2013.04.29 21:28:18.311,0.83693,0.83748,1.13,1.69
2013.04.29 21:28:18.748,0.83694,0.83749,1.65,1.50
2013.04.29 21:28:19.957,0.83694,0.83756,1.65,1.28
2013.04.29 21:28:21.468,0.83703,0.83757,1.20,1.84
2013.04.29 21:28:21.908,0.83703,0.83757,1.65,1.84
2013.04.29 21:28:22.308,0.83703,0.83757,1.13,1.84
2013.04.29 21:28:22.788,0.837,0.83758,1.13,1.13
2013.04.29 21:28:23.998,0.83699,0.83755,1.13,1.13
2013.04.29 21:28:25.638,0.83695,0.83755,1.50,1.50
2013.04.29 21:28:26.298,0.83698,0.83755,1.13,1.88
2013.04.29 21:28:26.588,0.83693,0.83744,1.13,1.32
2013.04.29 21:28:28.868,0.83692,0.83744,1.13,1.32
2013.04.29 21:28:33.892,0.83692,0.83743,1.13,1.50
2013.04.29 21:28:35.228,0.83692,0.83741,1.13,1.13
2013.04.29 21:28:35.297,0.83692,0.83744,1.13,1.32
2013.04.29 21:28:36.728,0.83692,0.83744,1.13,1.32
2013.04.29 21:28:38.138,0.8369,0.83742,1.13,1.50
2013.04.29 21:28:39.837,0.8369,0.83742,1.50,1.50
2013.04.29 21:28:41.728,0.83691,0.83742,1.13,2.25
2013.04.29 21:28:42.928,0.83691,0.83742,1.13,1.50
2013.04.29 21:28:43.597,0.83691,0.83741,1.13,1.13
2013.04.29 21:28:44.329,0.83692,0.83742,1.28,1.13
2013.04.29 21:28:45.107,0.83692,0.83741,1.28,1.13
2013.04.29 21:28:47.548,0.83693,0.83742,1.35,1.13
2013.04.29 21:28:48.557,0.83695,0.83741,1.35,1.13
2013.04.29 21:28:57.268,0.83691,0.83742,1.13,1.13
2013.04.29 21:28:58.308,0.83691,0.83741,1.13,1.13
2013.04.29 21:28:59.060,0.83691,0.83742,1.13,1.13
2013.04.29 21:28:59.594,0.83691,0.83741,1.13,1.13
2013.04.29 21:29:04.091,0.83691,0.83742,1.13,1.13
2013.04.29 21:29:07.778,0.83691,0.83741,1.13,1.13
2013.04.29 21:29:08.406,0.83691,0.83747,1.50,1.50
2013.04.29 21:29:09.409,0.83691,0.83747,1.50,1.50
2013.04.29 21:29:10.105,0.83693,0.83746,1.13,1.50
2013.04.29 21:29:11.809,0.837,0.83748,1.50,1.50
2013.04.29 21:29:11.928,0.837,0.83752,1.50,1.50
2013.04.29 21:29:11.989,0.837,0.83752,1.50,1.13
2013.04.29 21:29:12.049,0.83708,0.83756,1.13,2.03
2013.04.29 21:29:12.169,0.83708,0.83756,1.13,1.13
2013.04.29 21:29:12.528,0.83708,0.83762,1.13,1.13
2013.04.29 21:29:12.719,0.83708,0.83761,1.13,1.13
2013.04.29 21:29:13.948,0.83708,0.83762,1.13,1.13
2013.04.29 21:29:14.458,0.83708,0.83761,1.13,1.13
2013.04.29 21:29:15.638,0.83708,0.83762,1.13,1.13
2013.04.29 21:29:16.196,0.83708,0.83761,1.13,1.13
2013.04.29 21:29:16.709,0.83708,0.83762,1.13,1.13
2013.04.29 21:29:17.318,0.83704,0.83758,1.50,1.50
2013.04.29 21:29:18.268,0.83703,0.83758,2.63,1.13
2013.04.29 21:29:22.968,0.83704,0.83758,1.50,1.13
2013.04.29 21:29:24.698,0.83708,0.83756,1.13,1.13
2013.04.29 21:29:27.987,0.83708,0.83758,1.13,1.13
2013.04.29 21:29:28.604,0.83708,0.83758,1.13,1.13
2013.04.29 21:29:29.298,0.83708,0.83758,1.13,1.13
2013.04.29 21:29:31.909,0.83708,0.83758,1.13,1.13
2013.04.29 21:29:32.418,0.83708,0.83758,1.13,1.13
2013.04.29 21:29:33.317,0.83708,0.83758,1.13,1.13
2013.04.29 21:29:33.438,0.83703,0.83758,2.63,1.13
2013.04.29 21:29:34.158,0.83708,0.83757,1.13,1.13
2013.04.29 21:29:35.788,0.83708,0.83758,1.13,1.13
2013.04.29 21:29:44.798,0.83708,0.83758,1.13,1.13
2013.04.29 21:29:44.929,0.83709,0.83758,1.50,1.13
2013.04.29 21:29:45.449,0.83708,0.83759,1.88,1.13
2013.04.29 21:29:45.808,0.8371,0.83759,1.13,1.13
2013.04.29 21:29:46.178,0.83713,0.83759,1.35,1.28
2013.04.29 21:29:46.538,0.83707,0.83757,1.13,2.07
2013.04.29 21:29:47.109,0.83707,0.83757,1.13,2.07
2013.04.29 21:29:47.348,0.83707,0.83758,1.13,1.09
2013.04.29 21:29:47.905,0.83707,0.83758,1.13,1.09
2013.04.29 21:29:48.898,0.83707,0.83759,1.13,1.28
2013.04.29 21:29:49.198,0.83714,0.83764,1.13,1.50
2013.04.29 21:29:49.258,0.83714,0.83774,1.13,1.13
2013.04.29 21:29:49.588,0.83713,0.83782,1.50,1.88
2013.04.29 21:29:49.648,0.83714,0.83782,1.50,1.13
2013.04.29 21:29:49.767,0.83718,0.83782,1.13,1.13
2013.04.29 21:29:50.128,0.83723,0.83786,1.88,1.13
2013.04.29 21:29:52.618,0.83724,0.83791,1.13,1.13
2013.04.29 21:29:55.358,0.83724,0.83792,1.13,1.50
2013.04.29 21:29:56.678,0.83723,0.83781,1.13,1.50
2013.04.29 21:30:02.148,0.83719,0.83781,1.13,1.13
2013.04.29 21:30:02.913,0.83713,0.83781,1.13,2.40
2013.04.29 21:30:04.437,0.83714,0.83778,1.13,1.50
2013.04.29 21:30:06.518,0.83714,0.83776,1.13,1.88
2013.04.29 21:30:06.905,0.83714,0.83776,1.13,1.50
2013.04.29 21:30:07.519,0.8371,0.83774,1.13,1.13
2013.04.29 21:30:08.254,0.8371,0.83774,1.13,1.13
2013.04.29 21:30:09.276,0.8371,0.83774,1.13,1.13
2013.04.29 21:30:10.178,0.8371,0.83774,1.13,1.13
2013.04.29 21:30:10.420,0.83713,0.83777,1.13,1.88
2013.04.29 21:30:10.480,0.83713,0.83777,1.13,1.13
2013.04.29 21:30:11.560,0.83714,0.83777,1.13,1.13
2013.04.29 21:30:12.071,0.83713,0.83777,1.13,1.13
2013.04.29 21:30:13.035,0.83716,0.83777,1.13,1.13
2013.04.29 21:30:14.567,0.83716,0.83777,1.13,1.13
2013.04.29 21:30:15.217,0.83718,0.83777,1.13,1.13
2013.04.29 21:30:15.808,0.83718,0.83777,1.13,1.13
2013.04.29 21:30:17.319,0.83718,0.83778,1.13,1.28
2013.04.29 21:30:17.858,0.83718,0.83778,1.13,2.63
2013.04.29 21:30:18.348,0.83718,0.83778,1.13,2.63
2013.04.29 21:30:18.637,0.8371,0.83775,1.13,1.13
2013.04.29 21:30:19.968,0.8371,0.83762,1.13,1.13
2013.04.29 21:30:20.889,0.83703,0.83761,1.13,1.13
2013.04.29 21:30:21.068,0.83705,0.83761,1.35,1.13
2013.04.29 21:30:22.678,0.83703,0.83762,1.73,1.13
2013.04.29 21:30:23.487,0.83703,0.83762,1.13,1.13
2013.04.29 21:30:24.104,0.83704,0.83766,1.13,2.25
2013.04.29 21:30:25.038,0.83713,0.83766,1.65,1.50
2013.04.29 21:30:25.928,0.83713,0.83766,1.58,1.50
2013.04.29 21:30:26.989,0.83713,0.83766,1.65,1.50
2013.04.29 21:30:27.209,0.83713,0.83766,1.73,1.50
2013.04.29 21:30:27.797,0.83713,0.83766,1.13,1.50
2013.04.29 21:30:30.448,0.83714,0.83767,1.13,1.13
2013.04.29 21:30:31.518,0.83714,0.83767,1.13,1.13
2013.04.29 21:30:34.097,0.83714,0.83766,1.13,1.13
2013.04.29 21:30:38.658,0.83714,0.83767,1.13,1.13
2013.04.29 21:30:41.799,0.83714,0.83771,1.13,1.88
2013.04.29 21:30:42.088,0.83714,0.83771,1.13,1.13
2013.04.29 21:30:43.769,0.83714,0.83775,1.13,1.50
2013.04.29 21:30:46.268,0.83714,0.83768,1.50,1.13
2013.04.29 21:30:46.628,0.8371,0.83765,1.13,1.13
2013.04.29 21:30:47.158,0.8371,0.83765,1.13,1.13
2013.04.29 21:30:47.777,0.8371,0.83765,1.13,1.13
2013.04.29 21:30:47.851,0.83713,0.83765,1.13,1.13
2013.04.29 21:30:47.908,0.83713,0.83765,1.13,1.13
2013.04.29 21:30:48.448,0.83714,0.83765,1.13,1.13
2013.04.29 21:30:49.310,0.83714,0.83765,1.13,1.13
2013.04.29 21:30:50.030,0.83717,0.8377,1.50,1.50
2013.04.29 21:30:50.548,0.83719,0.8377,1.13,1.50
2013.04.29 21:30:50.678,0.83719,0.8377,1.13,1.50
2013.04.29 21:30:51.198,0.83719,0.8377,1.58,1.50
2013.04.29 21:30:51.698,0.83719,0.8377,1.73,1.50
2013.04.29 21:30:51.938,0.83717,0.8377,1.50,1.50
2013.04.29 21:30:52.719,0.83718,0.8377,1.20,1.50
2013.04.29 21:30:53.778,0.83717,0.8377,2.10,1.50
2013.04.29 21:30:58.018,0.83717,0.8377,1.50,1.50
2013.04.29 21:31:00.533,0.83717,0.8377,1.50,1.50
2013.04.29 21:31:01.089,0.83718,0.8377,1.13,1.50
2013.04.29 21:31:03.218,0.83717,0.8377,1.50,1.50
2013.04.29 21:31:04.750,0.83717,0.8377,1.50,1.50
2013.04.29 21:31:05.568,0.83719,0.8377,1.13,1.50
2013.04.29 21:31:05.628,0.83717,0.8377,1.50,1.50
2013.04.29 21:31:06.929,0.83717,0.8377,1.50,1.50
2013.04.29 21:31:09.728,0.83717,0.8377,1.50,1.50
2013.04.29 21:31:10.268,0.83719,0.8377,1.13,1.50
2013.04.29 21:31:10.828,0.83719,0.8377,1.50,1.50
2013.04.29 21:31:14.658,0.83722,0.8377,1.13,1.50
2013.04.29 21:31:15.939,0.83721,0.8377,1.13,1.50
2013.04.29 21:31:22.079,0.83721,0.83771,1.65,1.13
2013.04.29 21:31:22.208,0.83724,0.83772,1.13,1.13
2013.04.29 21:31:22.508,0.83725,0.83775,1.28,1.13
2013.04.29 21:31:22.628,0.83725,0.83775,1.28,1.13
2013.04.29 21:31:23.373,0.83724,0.83775,1.13,1.13
2013.04.29 21:31:25.069,0.83724,0.83769,1.13,1.28
2013.04.29 21:31:25.610,0.83719,0.83767,1.50,1.65
2013.04.29 21:31:26.405,0.83719,0.83767,1.50,1.65
2013.04.29 21:31:29.258,0.83719,0.83767,1.50,1.65
2013.04.29 21:31:34.699,0.83719,0.83766,1.13,1.50
2013.04.29 21:31:37.758,0.83719,0.83769,1.13,1.65
2013.04.29 21:31:39.978,0.8372,0.8377,1.13,1.50
2013.04.29 21:31:40.038,0.8372,0.8377,1.13,1.65
2013.04.29 21:31:40.399,0.83717,0.83765,1.13,1.13
2013.04.29 21:31:40.638,0.83717,0.83765,1.13,1.28
2013.04.29 21:31:41.318,0.83717,0.83765,1.13,1.28
2013.04.29 21:31:41.598,0.83715,0.83765,1.20,1.28
2013.04.29 21:31:41.658,0.83715,0.83765,1.20,1.65
2013.04.29 21:31:42.268,0.8371,0.8376,1.13,1.13
2013.04.29 21:31:44.419,0.83713,0.8376,1.20,1.13
2013.04.29 21:31:44.849,0.83713,0.8376,1.20,1.88
2013.04.29 21:31:45.038,0.83713,0.83759,1.20,1.13
2013.04.29 21:31:45.279,0.83713,0.83759,1.20,1.28
2013.04.29 21:31:45.762,0.83713,0.83759,1.35,1.28
2013.04.29 21:31:46.118,0.83714,0.83751,1.35,1.50
2013.04.29 21:31:46.358,0.83712,0.83757,1.35,1.47
2013.04.29 21:31:47.108,0.83712,0.83757,1.35,1.28
2013.04.29 21:31:47.168,0.83713,0.83757,1.35,1.28
2013.04.29 21:31:49.418,0.83713,0.83761,1.35,3.23
2013.04.29 21:31:51.320,0.83714,0.83757,1.35,1.28
2013.04.29 21:31:51.438,0.83714,0.83757,1.35,1.28
2013.04.29 21:31:51.558,0.8371,0.83759,1.20,1.28
2013.04.29 21:31:52.398,0.83713,0.83759,1.20,1.28
2013.04.29 21:31:54.999,0.83706,0.83759,1.13,1.28
2013.04.29 21:31:56.978,0.83706,0.83759,1.13,1.28
2013.04.29 21:31:57.768,0.83706,0.83759,1.13,1.65
2013.04.29 21:31:58.491,0.83706,0.83759,1.13,1.65
2013.04.29 21:31:59.019,0.83706,0.83759,1.13,1.65
2013.04.29 21:31:59.789,0.83706,0.83759,1.13,2.03
2013.04.29 21:32:00.122,0.83706,0.83758,1.13,1.20
2013.04.29 21:32:00.469,0.83707,0.83746,1.13,1.50
2013.04.29 21:32:00.869,0.83707,0.83746,1.13,1.69
2013.04.29 21:32:01.398,0.83707,0.83742,1.13,1.39
2013.04.29 21:32:01.458,0.83706,0.83752,1.13,1.13
2013.04.29 21:32:01.578,0.83706,0.83757,1.13,1.28
2013.04.29 21:32:02.357,0.83706,0.83757,1.13,1.28
2013.04.29 21:32:03.708,0.83706,0.83757,1.13,1.28
2013.04.29 21:32:05.517,0.83706,0.83757,1.13,1.28
2013.04.29 21:32:06.598,0.83706,0.83757,1.13,1.65
2013.04.29 21:32:06.718,0.83706,0.83756,1.13,1.13
2013.04.29 21:32:10.179,0.83701,0.83753,1.88,1.50
2013.04.29 21:32:10.976,0.83701,0.83753,1.88,1.50
2013.04.29 21:32:14.438,0.83701,0.83753,1.88,1.50
2013.04.29 21:32:14.985,0.83701,0.83753,1.88,1.65
2013.04.29 21:32:15.518,0.83701,0.83753,1.88,1.65
2013.04.29 21:32:16.608,0.83704,0.83748,1.13,1.13
2013.04.29 21:32:16.873,0.83703,0.83748,1.35,1.13
2013.04.29 21:32:16.957,0.83703,0.83748,1.35,1.13
2013.04.29 21:32:17.770,0.83703,0.83748,1.35,1.13
2013.04.29 21:32:17.888,0.83703,0.83748,1.35,1.13
2013.04.29 21:32:18.008,0.83699,0.83747,2.25,1.13
2013.04.29 21:32:18.538,0.83698,0.83746,1.20,1.13
2013.04.29 21:32:18.689,0.83694,0.83746,2.70,1.13
2013.04.29 21:32:19.258,0.83694,0.83739,2.25,1.13
2013.04.29 21:32:19.548,0.83694,0.83739,2.10,1.13
2013.04.29 21:32:19.839,0.83694,0.83739,1.50,1.13
2013.04.29 21:32:20.078,0.83694,0.83739,2.85,1.13
2013.04.29 21:32:20.729,0.83694,0.83739,1.88,1.13
2013.04.29 21:32:22.609,0.83694,0.83739,1.50,1.13
2013.04.29 21:32:22.818,0.83694,0.83739,1.50,1.13
2013.04.29 21:32:26.808,0.83685,0.8373,1.88,1.13
2013.04.29 21:32:27.738,0.83685,0.8373,1.88,1.13
2013.04.29 21:32:31.789,0.83686,0.8373,1.13,1.13
2013.04.29 21:32:32.607,0.83686,0.8373,1.13,1.13
2013.04.29 21:32:46.259,0.83688,0.8373,2.10,1.13
2013.04.29 21:32:46.808,0.8369,0.8373,1.28,1.13
2013.04.29 21:32:47.128,0.8369,0.8373,1.20,1.13
2013.04.29 21:32:47.798,0.8369,0.8373,1.95,1.13
2013.04.29 21:32:48.778,0.8369,0.8373,1.35,1.13
2013.04.29 21:32:55.998,0.83689,0.8373,1.50,1.13
2013.04.29 21:32:56.069,0.8369,0.8373,1.35,1.13
2013.04.29 21:32:56.689,0.8369,0.8373,1.35,1.13
2013.04.29 21:32:56.808,0.83689,0.8373,2.25,1.13
2013.04.29 21:32:58.699,0.83689,0.8373,1.50,1.13
2013.04.29 21:32:59.529,0.83689,0.8373,2.25,1.13
2013.04.29 21:33:02.318,0.83689,0.8373,1.50,1.13
2013.04.29 21:33:03.978,0.83689,0.8373,2.25,1.13
2013.04.29 21:33:07.258,0.83689,0.8373,1.50,1.13
2013.04.29 21:33:07.875,0.83686,0.8373,1.13,1.13
2013.04.29 21:33:10.938,0.83686,0.8373,1.13,1.13
2013.04.29 21:33:14.729,0.83686,0.8373,1.13,1.13
2013.04.29 21:33:18.868,0.83686,0.8373,1.13,1.13
2013.04.29 21:33:22.668,0.83686,0.8373,1.13,1.13
2013.04.29 21:33:25.489,0.83688,0.8373,1.28,1.13
2013.04.29 21:33:26.049,0.83686,0.8373,1.13,1.13
2013.04.29 21:33:26.769,0.83686,0.83724,1.13,1.13
2013.04.29 21:33:31.518,0.83685,0.83724,1.13,1.13
2013.04.29 21:33:33.979,0.83685,0.83728,1.13,1.13
2013.04.29 21:33:39.025,0.83686,0.83728,1.13,1.13
2013.04.29 21:33:43.728,0.83686,0.83728,1.13,1.13
2013.04.29 21:33:46.589,0.83685,0.83728,1.13,1.13
2013.04.29 21:33:47.098,0.83685,0.83728,1.13,1.13
2013.04.29 21:33:49.849,0.83685,0.83728,1.13,1.13
2013.04.29 21:33:51.810,0.83685,0.83728,1.13,1.13
2013.04.29 21:33:57.029,0.83685,0.83728,1.13,1.13
2013.04.29 21:33:57.730,0.83685,0.83728,1.13,1.13
2013.04.29 21:33:58.238,0.83685,0.83728,1.13,1.13
2013.04.29 21:33:59.632,0.83685,0.83728,1.13,1.13
2013.04.29 21:34:00.190,0.83685,0.83728,1.13,1.13
2013.04.29 21:34:00.830,0.83685,0.83728,1.13,1.13
2013.04.29 21:34:01.928,0.83685,0.83728,1.73,1.13
2013.04.29 21:34:03.248,0.83686,0.83728,1.13,1.13
2013.04.29 21:34:04.738,0.83686,0.83728,1.13,1.13
2013.04.29 21:34:08.848,0.83686,0.83727,2.03,1.13
2013.04.29 21:34:13.763,0.83686,0.83727,1.13,1.13
2013.04.29 21:34:14.287,0.83686,0.83727,1.13,1.13
2013.04.29 21:34:14.833,0.83686,0.83727,1.13,1.13
2013.04.29 21:34:21.719,0.83688,0.83727,1.20,1.13
2013.04.29 21:34:22.539,0.83688,0.83727,1.35,1.13
2013.04.29 21:34:26.879,0.83688,0.83727,2.03,1.13
2013.04.29 21:34:27.119,0.83688,0.83727,2.10,1.13
2013.04.29 21:34:27.668,0.8369,0.83728,1.13,1.13
2013.04.29 21:34:27.728,0.83689,0.83728,1.73,1.13
2013.04.29 21:34:27.848,0.83688,0.83728,1.58,1.13
2013.04.29 21:34:29.258,0.83689,0.83727,1.20,1.13
2013.04.29 21:34:29.318,0.83688,0.83727,1.50,1.13
2013.04.29 21:34:30.318,0.83684,0.83728,1.13,1.13
2013.04.29 21:34:31.046,0.83686,0.83728,1.20,1.13
2013.04.29 21:34:31.779,0.83686,0.83728,1.20,1.13
2013.04.29 21:34:33.866,0.83686,0.83728,1.20,1.13
2013.04.29 21:34:36.218,0.8369,0.83731,1.35,1.13
2013.04.29 21:34:36.740,0.8369,0.83731,1.35,1.13
2013.04.29 21:34:45.729,0.83687,0.83732,2.25,1.13
2013.04.29 21:34:46.029,0.83687,0.83732,2.25,1.13
2013.04.29 21:34:49.769,0.83687,0.83732,2.25,1.13
2013.04.29 21:34:50.919,0.83694,0.83733,1.50,1.13
2013.04.29 21:34:51.428,0.83687,0.83733,2.40,1.13
2013.04.29 21:34:52.000,0.83687,0.83733,1.88,1.13
2013.04.29 21:34:55.278,0.83687,0.83733,1.13,1.13
2013.04.29 21:35:00.230,0.83684,0.83728,1.88,1.13
2013.04.29 21:35:00.849,0.83684,0.83728,1.13,1.13
2013.04.29 21:35:01.444,0.83684,0.83728,1.88,1.13
2013.04.29 21:35:02.969,0.83687,0.83731,1.13,1.13
2013.04.29 21:35:03.662,0.83687,0.83732,1.13,1.13
2013.04.29 21:35:06.878,0.83688,0.83732,1.13,1.13
2013.04.29 21:35:08.589,0.83689,0.83731,1.13,1.13
2013.04.29 21:35:14.780,0.83689,0.83731,1.13,1.13
2013.04.29 21:35:15.136,0.83692,0.83731,1.65,1.13
2013.04.29 21:35:21.759,0.83693,0.83731,1.28,1.13
2013.04.29 21:35:22.459,0.83694,0.83731,1.28,1.13
2013.04.29 21:35:26.689,0.83689,0.83731,1.65,1.13
2013.04.29 21:35:30.830,0.83688,0.83732,2.78,1.13
2013.04.29 21:35:31.549,0.83688,0.83732,3.23,1.13
2013.04.29 21:35:32.215,0.83689,0.83732,1.50,1.13
2013.04.29 21:35:32.820,0.83691,0.83731,1.35,1.13
2013.04.29 21:35:33.400,0.83691,0.83731,1.50,1.13
2013.04.29 21:35:40.240,0.83689,0.83731,2.10,1.13
2013.04.29 21:35:40.811,0.83689,0.83731,2.10,1.13
2013.04.29 21:35:42.758,0.83689,0.83731,2.25,1.13
2013.04.29 21:35:43.507,0.8369,0.83731,1.50,1.13
2013.04.29 21:35:44.025,0.8369,0.83731,1.50,1.13
2013.04.29 21:35:47.199,0.8369,0.83731,1.50,1.13
2013.04.29 21:35:48.238,0.83692,0.83731,1.13,1.13
2013.04.29 21:35:50.278,0.83694,0.83732,1.43,1.13
2013.04.29 21:35:53.268,0.83693,0.83732,1.43,1.13
2013.04.29 21:35:57.038,0.83693,0.83732,1.50,1.13
2013.04.29 21:35:58.369,0.8369,0.83732,1.65,1.13
2013.04.29 21:35:59.669,0.83695,0.83732,1.35,1.13
2013.04.29 21:36:02.817,0.83695,0.83732,1.35,1.13
2013.04.29 21:36:03.319,0.83694,0.83732,1.50,1.13
2013.04.29 21:36:05.738,0.83695,0.83732,1.65,1.13
2013.04.29 21:36:07.731,0.83695,0.83732,1.65,1.13
2013.04.29 21:36:12.489,0.83695,0.83731,1.65,1.13
2013.04.29 21:36:13.008,0.83695,0.83731,2.10,1.13
2013.04.29 21:36:13.548,0.83695,0.83731,1.65,1.13
2013.04.29 21:36:14.057,0.83697,0.83731,1.50,1.13
2013.04.29 21:36:14.568,0.83695,0.83731,2.25,1.13
2013.04.29 21:36:15.198,0.83698,0.83731,1.28,1.13
2013.04.29 21:36:15.317,0.83703,0.83731,1.28,1.13
2013.04.29 21:36:15.965,0.83703,0.83731,2.03,1.13
2013.04.29 21:36:16.853,0.83705,0.83731,1.65,1.13
2013.04.29 21:36:17.557,0.83705,0.83731,1.65,1.13
2013.04.29 21:36:18.888,0.83705,0.83731,1.58,1.13
2013.04.29 21:36:19.187,0.83705,0.83735,1.58,1.13
2013.04.29 21:36:19.948,0.83705,0.83735,1.58,1.13
2013.04.29 21:36:20.007,0.83705,0.83735,1.58,1.13
2013.04.29 21:36:20.376,0.83705,0.83735,1.65,1.13
2013.04.29 21:36:22.257,0.83706,0.83735,1.65,1.13
2013.04.29 21:36:22.944,0.83706,0.83735,1.58,1.13
2013.04.29 21:36:23.518,0.83706,0.83735,1.58,1.13
2013.04.29 21:36:23.847,0.83705,0.83735,1.88,1.13
2013.04.29 21:36:24.569,0.83705,0.83735,1.88,1.13
2013.04.29 21:36:25.305,0.83705,0.83735,2.33,1.13
2013.04.29 21:36:25.828,0.83705,0.83739,1.13,1.13
2013.04.29 21:36:25.947,0.83705,0.83739,1.73,1.13
2013.04.29 21:36:26.378,0.83705,0.83739,1.58,1.13
2013.04.29 21:36:27.178,0.83705,0.83739,1.58,1.13
2013.04.29 21:36:27.948,0.83705,0.83739,1.58,1.13
2013.04.29 21:36:29.768,0.83705,0.83739,1.20,1.13
2013.04.29 21:36:30.958,0.83705,0.83739,1.20,1.13
2013.04.29 21:36:31.078,0.83701,0.83731,1.50,1.13
2013.04.29 21:36:31.619,0.83696,0.83731,2.03,1.13
2013.04.29 21:36:31.798,0.83698,0.83731,1.50,1.13
2013.04.29 21:36:32.425,0.83698,0.83733,2.10,1.13
2013.04.29 21:36:32.979,0.83698,0.83733,2.25,1.13
2013.04.29 21:36:33.759,0.83698,0.83733,1.50,1.13
2013.04.29 21:36:34.228,0.83699,0.83738,1.50,1.13
2013.04.29 21:36:34.804,0.83698,0.83738,1.43,1.13
2013.04.29 21:36:39.728,0.83698,0.83738,1.50,1.13
2013.04.29 21:36:40.509,0.83698,0.8374,1.65,1.13
2013.04.29 21:36:44.128,0.83699,0.8374,1.80,1.13
2013.04.29 21:36:44.668,0.83706,0.83743,1.88,1.13
2013.04.29 21:36:46.114,0.83706,0.83743,1.88,1.13
2013.04.29 21:36:50.108,0.83706,0.83743,1.88,1.13
2013.04.29 21:36:57.079,0.83706,0.83743,1.88,1.13
2013.04.29 21:37:00.139,0.83706,0.83743,1.88,1.13
2013.04.29 21:37:10.075,0.83707,0.83749,1.50,1.13
2013.04.29 21:37:15.645,0.83707,0.83761,1.50,3.00
2013.04.29 21:37:15.889,0.83714,0.8376,1.13,1.50
2013.04.29 21:37:22.109,0.83713,0.83757,1.13,1.13
2013.04.29 21:37:22.169,0.83713,0.8376,1.13,1.50
2013.04.29 21:37:22.288,0.83708,0.8376,1.50,1.50
2013.04.29 21:37:27.029,0.83709,0.83759,1.13,1.50
2013.04.29 21:37:31.738,0.83709,0.83759,1.13,1.13
2013.04.29 21:37:36.818,0.83709,0.8376,1.50,2.03
2013.04.29 21:37:37.578,0.83709,0.8376,1.50,2.03
2013.04.29 21:37:40.181,0.83709,0.83757,1.13,1.13
2013.04.29 21:37:47.138,0.8371,0.83757,1.13,1.13
2013.04.29 21:37:47.730,0.8371,0.83757,1.13,1.13
2013.04.29 21:37:50.169,0.8371,0.83757,1.13,1.13
2013.04.29 21:37:52.940,0.8371,0.83757,1.13,1.13
2013.04.29 21:38:06.148,0.83709,0.83757,1.50,1.13
2013.04.29 21:38:08.568,0.83709,0.83758,1.13,1.13
2013.04.29 21:38:09.230,0.83709,0.83758,1.13,1.13
2013.04.29 21:38:13.564,0.83709,0.83758,1.13,1.13
2013.04.29 21:38:14.580,0.83709,0.83758,1.13,1.13
2013.04.29 21:38:18.930,0.83709,0.83758,1.13,1.13
2013.04.29 21:38:23.018,0.83709,0.83758,1.13,1.13
2013.04.29 21:38:26.698,0.83707,0.83753,1.50,1.13
2013.04.29 21:38:27.689,0.83703,0.8375,1.65,1.50
2013.04.29 21:38:27.928,0.83702,0.8375,1.65,1.13
2013.04.29 21:38:30.210,0.83702,0.8375,1.65,1.13
2013.04.29 21:38:30.723,0.83702,0.8375,1.65,1.13
2013.04.29 21:38:31.702,0.83702,0.83747,1.65,1.13
2013.04.29 21:38:31.771,0.83702,0.8375,1.65,1.13
2013.04.29 21:38:32.278,0.83703,0.8375,1.65,1.13
2013.04.29 21:38:34.461,0.83703,0.8375,1.65,1.13
2013.04.29 21:38:34.969,0.83703,0.8375,1.65,1.13
2013.04.29 21:38:36.564,0.83703,0.83749,1.65,1.13
2013.04.29 21:38:43.788,0.83701,0.83744,1.65,1.13
2013.04.29 21:38:44.298,0.83703,0.83744,1.65,1.13
2013.04.29 21:39:00.678,0.83701,0.83744,1.65,1.13
2013.04.29 21:39:01.498,0.83701,0.83744,1.65,1.13
2013.04.29 21:39:02.069,0.83705,0.83753,1.50,1.13
2013.04.29 21:39:19.770,0.83705,0.83752,2.25,1.13
2013.04.29 21:39:20.201,0.83706,0.83752,2.25,1.13
2013.04.29 21:39:20.556,0.83706,0.83752,2.25,1.13
2013.04.29 21:39:31.969,0.83711,0.83752,1.50,1.13
2013.04.29 21:39:33.268,0.83711,0.83752,2.10,1.13
2013.04.29 21:39:38.304,0.83709,0.83754,1.35,1.50
2013.04.29 21:39:38.428,0.83704,0.83754,3.00,1.65
2013.04.29 21:39:38.748,0.83708,0.83754,2.03,1.50
2013.04.29 21:39:39.309,0.83711,0.83753,1.50,1.13
2013.04.29 21:39:43.648,0.83711,0.83753,1.50,1.13
2013.04.29 21:39:46.528,0.83711,0.83747,1.50,1.13
2013.04.29 21:39:46.708,0.83704,0.83742,1.50,1.13
2013.04.29 21:39:46.768,0.83704,0.83742,1.50,1.13
2013.04.29 21:39:47.419,0.83704,0.83742,1.50,1.13
2013.04.29 21:40:00.220,0.83704,0.83742,2.85,1.13
2013.04.29 21:40:00.279,0.83704,0.83742,2.25,1.13
2013.04.29 21:40:00.458,0.83704,0.83742,2.78,1.13
2013.04.29 21:40:04.580,0.83704,0.83742,2.18,1.13
2013.04.29 21:40:05.283,0.83704,0.83742,2.93,1.13
2013.04.29 21:40:06.110,0.83704,0.83742,2.93,1.13
2013.04.29 21:40:13.442,0.83704,0.83747,1.43,1.13
2013.04.29 21:40:13.629,0.83704,0.83754,1.43,1.28
2013.04.29 21:40:18.059,0.83704,0.83754,2.18,1.28
2013.04.29 21:40:20.190,0.83704,0.83754,1.43,1.28
2013.04.29 21:40:21.728,0.83704,0.83754,2.18,1.28
2013.04.29 21:40:25.558,0.83704,0.83754,1.28,1.28
2013.04.29 21:40:25.682,0.83704,0.83754,1.13,1.28
2013.04.29 21:40:26.025,0.83704,0.83754,1.65,1.28
2013.04.29 21:40:26.429,0.83704,0.83754,1.28,1.28
2013.04.29 21:40:27.340,0.83704,0.83754,2.03,1.28
2013.04.29 21:40:28.739,0.837,0.83754,1.28,1.65
2013.04.29 21:40:28.798,0.837,0.83754,1.28,1.65
2013.04.29 21:40:31.399,0.83705,0.83754,1.13,1.28
2013.04.29 21:40:32.008,0.83705,0.83754,1.13,1.28
2013.04.29 21:40:33.789,0.83704,0.83754,1.50,1.28
2013.04.29 21:40:33.848,0.83704,0.83754,1.43,1.28
2013.04.29 21:40:34.028,0.83703,0.83754,1.73,1.28
2013.04.29 21:40:36.578,0.83701,0.83754,1.50,1.28
2013.04.29 21:40:36.821,0.83703,0.83754,1.35,1.28
2013.04.29 21:40:38.279,0.83704,0.83754,1.20,1.28
2013.04.29 21:40:39.096,0.83703,0.83754,1.35,1.28
2013.04.29 21:40:44.598,0.83703,0.83748,1.73,1.65
2013.04.29 21:40:44.969,0.83703,0.83743,1.50,1.13
2013.04.29 21:40:45.029,0.83703,0.83742,1.50,1.13
2013.04.29 21:40:45.718,0.83703,0.83742,1.50,1.13
2013.04.29 21:40:46.445,0.83704,0.83742,1.28,1.13
2013.04.29 21:40:47.107,0.83703,0.83742,1.43,1.13
2013.04.29 21:40:57.369,0.83697,0.83743,1.65,1.50
2013.04.29 21:40:58.099,0.83697,0.83743,1.65,1.50
2013.04.29 21:40:58.669,0.83699,0.83743,1.35,1.50
2013.04.29 21:40:59.447,0.83699,0.83743,1.35,1.50
2013.04.29 21:41:00.192,0.83703,0.83743,1.50,1.50
2013.04.29 21:41:00.795,0.83701,0.83742,1.50,1.50
2013.04.29 21:41:01.467,0.83703,0.83742,1.50,1.50
2013.04.29 21:41:02.995,0.83704,0.83742,1.50,1.50
2013.04.29 21:41:03.558,0.83703,0.83742,1.50,1.50
2013.04.29 21:41:03.798,0.83698,0.83742,1.65,1.50
2013.04.29 21:41:03.858,0.83703,0.83742,1.35,1.50
2013.04.29 21:41:05.599,0.83699,0.83742,1.65,1.50
2013.04.29 21:41:05.978,0.83703,0.83742,1.43,1.50
2013.04.29 21:41:06.402,0.837,0.83738,1.43,1.13
2013.04.29 21:41:06.578,0.83698,0.83738,2.18,1.13
2013.04.29 21:41:06.878,0.83698,0.83738,2.68,1.13
2013.04.29 21:41:07.498,0.83698,0.83738,2.25,1.13
2013.04.29 21:41:10.478,0.837,0.83738,1.65,1.13
2013.04.29 21:41:10.718,0.83701,0.83738,1.35,1.13
