2016.01.25 13:00:00.151,0.76759,0.76776,1.00,1.75
2016.01.25 13:00:00.252,0.7676,0.76781,1.00,2.25
2016.01.25 13:00:00.303,0.76762,0.76781,1.00,2.25
2016.01.25 13:00:00.354,0.76762,0.76784,1.00,1.75
2016.01.25 13:00:04.530,0.76765,0.76784,1.00,1.75
2016.01.25 13:00:04.580,0.76765,0.76786,1.00,1.12
2016.01.25 13:00:04.681,0.76767,0.7679,1.00,2.25
2016.01.25 13:00:04.984,0.76767,0.7679,1.00,3.75
2016.01.25 13:00:06.627,0.76765,0.76786,1.00,2.25
2016.01.25 13:00:08.385,0.76765,0.76781,1.00,1.00
2016.01.25 13:00:08.791,0.76765,0.76786,1.00,1.75
2016.01.25 13:00:08.993,0.76765,0.76789,1.87,1.75
2016.01.25 13:00:09.043,0.76769,0.76789,1.00,1.75
2016.01.25 13:00:09.614,0.76773,0.76792,1.00,1.75
2016.01.25 13:00:10.294,0.76773,0.76794,1.00,2.25
2016.01.25 13:00:11.298,0.76773,0.7679,1.00,1.00
2016.01.25 13:00:11.399,0.76773,0.7679,1.00,1.75
2016.01.25 13:00:11.870,0.7677,0.76789,1.00,1.50
2016.01.25 13:00:13.151,0.7677,0.76787,1.00,1.00
2016.01.25 13:00:13.412,0.7677,0.76787,1.00,1.75
2016.01.25 13:00:14.834,0.76774,0.76791,1.00,1.50
2016.01.25 13:00:15.036,0.76774,0.7679,1.00,1.75
2016.01.25 13:00:15.088,0.76772,0.7679,1.00,1.75
2016.01.25 13:00:17.536,0.76775,0.76793,1.00,1.75
2016.01.25 13:00:23.919,0.76775,0.76793,1.50,1.37
2016.01.25 13:00:24.172,0.76788,0.76809,1.12,1.00
2016.01.25 13:00:24.354,0.76792,0.76812,1.00,1.75
2016.01.25 13:00:24.657,0.76792,0.7681,1.00,1.75
2016.01.25 13:00:25.061,0.7679,0.76806,1.00,1.00
2016.01.25 13:00:25.162,0.76786,0.76804,1.00,1.00
2016.01.25 13:00:25.383,0.76786,0.76804,1.00,1.75
2016.01.25 13:00:25.535,0.76784,0.76802,1.00,1.75
2016.01.25 13:00:30.438,0.76784,0.76799,1.00,1.00
2016.01.25 13:00:32.208,0.76784,0.768,1.00,1.12
2016.01.25 13:00:33.959,0.76781,0.76799,1.00,1.00
2016.01.25 13:00:34.493,0.76781,0.768,1.00,1.12
2016.01.25 13:00:37.373,0.76781,0.76798,1.00,1.00
2016.01.25 13:00:37.929,0.76781,0.76797,1.00,1.00
2016.01.25 13:00:38.436,0.76781,0.76798,1.00,1.50
2016.01.25 13:00:39.641,0.76781,0.76798,1.00,1.75
2016.01.25 13:00:39.692,0.76779,0.76798,1.00,1.75
2016.01.25 13:00:41.444,0.76777,0.76794,1.00,1.87
2016.01.25 13:00:41.495,0.76777,0.76794,1.00,2.25
2016.01.25 13:00:41.545,0.76774,0.76793,1.00,1.75
2016.01.25 13:00:41.707,0.76774,0.76786,1.00,1.50
2016.01.25 13:00:41.909,0.76766,0.76783,1.00,2.25
2016.01.25 13:00:42.162,0.76762,0.76782,1.00,1.75
2016.01.25 13:00:42.464,0.76759,0.76782,1.00,3.00
2016.01.25 13:00:42.635,0.76756,0.76775,1.00,1.00
2016.01.25 13:00:42.950,0.76754,0.76773,1.00,1.75
2016.01.25 13:00:43.375,0.76754,0.76771,1.00,1.50
2016.01.25 13:00:43.536,0.7675,0.76772,1.50,1.75
2016.01.25 13:00:44.535,0.76748,0.76768,1.00,1.50
2016.01.25 13:00:44.686,0.76746,0.76766,1.00,1.75
2016.01.25 13:00:44.990,0.7674,0.76762,1.00,1.75
2016.01.25 13:00:45.191,0.76738,0.76764,1.50,3.00
2016.01.25 13:00:45.662,0.7674,0.76763,1.00,1.75
2016.01.25 13:00:45.725,0.76738,0.76763,1.50,1.75
2016.01.25 13:00:46.054,0.7674,0.76763,1.00,1.75
2016.01.25 13:00:46.164,0.76738,0.76763,1.50,1.75
2016.01.25 13:00:50.152,0.76737,0.76761,1.00,1.75
2016.01.25 13:00:50.656,0.76738,0.76762,1.00,1.75
2016.01.25 13:00:51.175,0.76738,0.76763,1.87,1.75
2016.01.25 13:00:51.225,0.76741,0.76764,1.00,1.75
2016.01.25 13:00:53.803,0.76745,0.76766,1.00,1.75
2016.01.25 13:00:53.854,0.76745,0.76766,1.00,1.75
2016.01.25 13:00:53.955,0.76746,0.76768,1.00,1.00
2016.01.25 13:00:55.801,0.76748,0.76768,1.00,1.00
2016.01.25 13:00:57.346,0.76748,0.76773,1.12,3.00
2016.01.25 13:00:57.498,0.7675,0.76773,1.00,2.25
2016.01.25 13:00:57.963,0.76748,0.76772,1.12,1.75
2016.01.25 13:00:59.907,0.76749,0.76772,1.00,1.75
2016.01.25 13:01:00.416,0.76748,0.76771,1.12,1.50
2016.01.25 13:01:00.567,0.76751,0.76771,1.00,1.50
2016.01.25 13:01:05.234,0.76748,0.7677,1.12,1.12
2016.01.25 13:01:06.835,0.76748,0.7677,1.00,1.37
2016.01.25 13:01:07.137,0.76746,0.7677,1.00,2.25
2016.01.25 13:01:07.883,0.76748,0.76771,1.00,3.00
2016.01.25 13:01:10.827,0.76746,0.7677,1.00,1.75
2016.01.25 13:01:16.705,0.76746,0.76766,1.00,1.00
2016.01.25 13:01:17.083,0.76746,0.76766,1.00,1.37
2016.01.25 13:01:18.263,0.76743,0.76764,1.00,1.00
2016.01.25 13:01:18.523,0.7674,0.76764,1.00,3.00
2016.01.25 13:01:18.852,0.76737,0.76757,1.50,1.00
2016.01.25 13:01:19.163,0.76733,0.7675,1.00,1.50
2016.01.25 13:01:19.213,0.7673,0.7675,1.00,1.50
2016.01.25 13:01:19.433,0.76728,0.7675,1.00,1.50
2016.01.25 13:01:20.452,0.76729,0.76754,1.12,1.75
2016.01.25 13:01:20.907,0.76731,0.76755,1.00,1.75
2016.01.25 13:01:21.210,0.76731,0.76756,2.25,1.75
2016.01.25 13:01:21.731,0.76733,0.76757,1.00,2.25
2016.01.25 13:01:22.185,0.76733,0.76754,1.00,1.37
2016.01.25 13:01:22.435,0.76728,0.76754,1.50,4.50
2016.01.25 13:01:27.825,0.76728,0.76753,1.50,2.25
2016.01.25 13:01:28.331,0.7673,0.76753,1.00,2.25
2016.01.25 13:01:29.787,0.76728,0.76753,1.50,3.00
2016.01.25 13:01:30.703,0.76728,0.76752,1.12,1.50
2016.01.25 13:01:34.110,0.76729,0.76754,1.00,3.75
2016.01.25 13:01:34.362,0.7673,0.76754,1.50,1.75
2016.01.25 13:01:35.005,0.76731,0.76755,1.00,1.75
2016.01.25 13:01:35.708,0.76732,0.76756,1.00,2.25
2016.01.25 13:01:39.056,0.76734,0.76756,1.00,1.75
2016.01.25 13:01:39.371,0.76732,0.76756,1.00,1.75
2016.01.25 13:01:39.774,0.76732,0.76756,1.87,1.75
2016.01.25 13:01:40.027,0.76734,0.76758,1.12,1.75
2016.01.25 13:01:40.078,0.76734,0.76758,1.12,1.50
2016.01.25 13:01:40.488,0.76736,0.76759,1.00,2.25
2016.01.25 13:01:40.993,0.76735,0.76759,1.50,2.25
2016.01.25 13:01:41.502,0.76736,0.76761,1.00,2.25
2016.01.25 13:01:41.604,0.76736,0.76761,1.50,2.25
2016.01.25 13:01:42.119,0.76738,0.76759,1.00,1.12
2016.01.25 13:01:42.334,0.76738,0.76759,1.00,1.37
2016.01.25 13:01:43.414,0.76738,0.76758,1.00,1.75
2016.01.25 13:01:44.023,0.76738,0.76759,1.00,2.25
2016.01.25 13:01:44.073,0.76738,0.76759,1.00,2.25
2016.01.25 13:01:45.084,0.76735,0.76758,1.12,2.25
2016.01.25 13:01:49.659,0.76736,0.76758,1.00,2.25
2016.01.25 13:01:50.178,0.76735,0.76758,1.12,1.50
2016.01.25 13:01:50.364,0.76735,0.76758,1.00,3.00
2016.01.25 13:01:51.698,0.76737,0.76758,1.00,3.75
2016.01.25 13:01:51.799,0.76738,0.76758,1.00,1.75
2016.01.25 13:01:52.051,0.7674,0.76758,1.00,1.00
2016.01.25 13:01:52.575,0.7674,0.76761,1.00,1.87
2016.01.25 13:01:52.925,0.7674,0.76761,1.00,1.75
2016.01.25 13:01:54.483,0.7674,0.7676,1.00,1.50
2016.01.25 13:01:54.692,0.76745,0.76763,1.00,1.37
2016.01.25 13:01:54.743,0.76747,0.76763,1.00,1.00
2016.01.25 13:01:54.794,0.76747,0.76768,1.00,1.75
2016.01.25 13:01:55.338,0.76748,0.76768,1.00,1.75
2016.01.25 13:01:55.947,0.76749,0.76768,1.00,1.75
2016.01.25 13:01:56.493,0.7675,0.76768,1.00,1.75
2016.01.25 13:01:57.953,0.76749,0.76768,1.00,1.75
2016.01.25 13:01:58.693,0.76748,0.76768,1.00,1.75
2016.01.25 13:02:00.069,0.76746,0.76767,1.50,2.25
2016.01.25 13:02:00.589,0.76746,0.76765,1.50,1.00
2016.01.25 13:02:01.105,0.76745,0.76765,1.00,1.37
2016.01.25 13:02:02.819,0.76744,0.76765,1.00,1.75
2016.01.25 13:02:03.380,0.76742,0.76763,1.00,1.50
2016.01.25 13:02:03.481,0.76742,0.76762,1.00,1.87
2016.01.25 13:02:03.734,0.7674,0.76761,1.00,1.75
2016.01.25 13:02:04.410,0.76742,0.76762,1.00,1.75
2016.01.25 13:02:04.662,0.7674,0.76762,1.00,1.75
2016.01.25 13:02:05.179,0.76741,0.76761,1.00,1.75
2016.01.25 13:02:06.411,0.7674,0.7676,1.00,1.50
2016.01.25 13:02:06.594,0.7674,0.76759,1.00,1.50
2016.01.25 13:02:06.797,0.76738,0.76759,1.00,1.75
2016.01.25 13:02:07.340,0.76737,0.76759,1.00,1.75
2016.01.25 13:02:07.772,0.76737,0.76754,1.00,1.87
2016.01.25 13:02:07.822,0.76734,0.76754,1.00,2.25
2016.01.25 13:02:08.025,0.76734,0.76754,1.00,1.50
2016.01.25 13:02:08.076,0.76738,0.76754,1.00,1.50
2016.01.25 13:02:09.909,0.76738,0.76759,1.00,1.75
2016.01.25 13:02:10.161,0.7674,0.76759,1.00,2.25
2016.01.25 13:02:12.129,0.76739,0.76757,1.00,1.50
2016.01.25 13:02:12.481,0.76737,0.76756,1.00,1.12
2016.01.25 13:02:13.020,0.76737,0.76755,1.00,1.00
2016.01.25 13:02:14.471,0.76738,0.76755,1.00,1.00
2016.01.25 13:02:14.973,0.76739,0.76757,1.00,1.50
2016.01.25 13:02:15.024,0.76741,0.76759,1.00,1.75
2016.01.25 13:02:15.700,0.76742,0.76759,1.00,1.75
2016.01.25 13:02:16.231,0.76743,0.76759,1.00,1.75
2016.01.25 13:02:16.880,0.76742,0.76758,1.00,1.75
2016.01.25 13:02:18.104,0.76744,0.76758,1.00,1.37
2016.01.25 13:02:18.156,0.76744,0.7676,1.00,1.50
2016.01.25 13:02:18.670,0.76745,0.76763,1.00,1.50
2016.01.25 13:02:18.830,0.76748,0.76763,1.00,1.50
2016.01.25 13:02:20.377,0.76747,0.76764,1.00,1.75
2016.01.25 13:02:20.900,0.76748,0.76764,1.00,1.37
2016.01.25 13:02:21.052,0.76748,0.76765,1.00,1.12
2016.01.25 13:02:21.565,0.76749,0.76766,1.00,1.50
2016.01.25 13:02:23.156,0.76748,0.76766,1.00,1.50
2016.01.25 13:02:23.669,0.76749,0.76766,1.00,1.50
2016.01.25 13:02:24.176,0.76748,0.76766,1.00,1.50
2016.01.25 13:02:24.430,0.76747,0.76765,1.00,1.87
2016.01.25 13:02:24.789,0.76745,0.76763,1.00,1.50
2016.01.25 13:02:25.700,0.76744,0.76762,1.50,1.12
2016.01.25 13:02:26.252,0.76743,0.76762,1.00,1.12
2016.01.25 13:02:26.754,0.76744,0.76762,1.00,1.12
2016.01.25 13:02:27.422,0.76743,0.76762,1.00,1.12
2016.01.25 13:02:27.970,0.76743,0.76761,1.00,1.00
2016.01.25 13:02:28.244,0.76743,0.76761,1.00,1.37
2016.01.25 13:02:28.295,0.76741,0.76761,1.00,2.25
2016.01.25 13:02:28.812,0.7674,0.76758,1.00,1.12
2016.01.25 13:02:29.214,0.76739,0.76758,1.00,1.37
2016.01.25 13:02:29.316,0.76736,0.76757,1.50,2.25
2016.01.25 13:02:29.519,0.76736,0.76756,1.00,3.00
2016.01.25 13:02:30.086,0.76735,0.76756,1.00,3.00
2016.01.25 13:02:30.742,0.76736,0.76756,1.00,3.00
2016.01.25 13:02:31.271,0.76735,0.76756,1.00,3.00
2016.01.25 13:02:32.029,0.76734,0.76756,1.00,3.00
2016.01.25 13:02:32.609,0.76733,0.76754,1.50,1.75
2016.01.25 13:02:33.282,0.76731,0.76754,1.50,1.75
2016.01.25 13:02:34.855,0.76731,0.76751,1.00,1.75
2016.01.25 13:02:35.403,0.76731,0.76754,1.00,3.00
2016.01.25 13:02:36.004,0.76732,0.76754,1.00,3.00
2016.01.25 13:02:36.217,0.76732,0.76754,1.00,1.75
2016.01.25 13:02:37.022,0.76731,0.76753,1.50,1.75
2016.01.25 13:02:37.224,0.76733,0.76753,1.00,1.75
2016.01.25 13:02:37.741,0.76734,0.76756,1.00,1.87
2016.01.25 13:02:38.530,0.76735,0.76753,1.00,1.75
2016.01.25 13:02:39.034,0.76734,0.76753,1.00,1.75
2016.01.25 13:02:39.555,0.76735,0.76753,1.00,1.75
2016.01.25 13:02:39.959,0.76733,0.76753,1.00,1.75
2016.01.25 13:02:40.786,0.76733,0.76748,1.00,1.00
2016.01.25 13:02:41.044,0.76731,0.76749,1.50,1.00
2016.01.25 13:02:41.537,0.76733,0.76752,1.00,1.75
2016.01.25 13:02:42.390,0.76734,0.76753,1.00,1.75
2016.01.25 13:02:42.892,0.76733,0.76753,1.50,1.75
2016.01.25 13:02:46.256,0.7673,0.7675,1.00,1.12
2016.01.25 13:02:46.307,0.76728,0.7675,1.12,3.00
2016.01.25 13:02:46.358,0.76726,0.76746,1.50,1.75
2016.01.25 13:02:46.603,0.76723,0.76744,1.00,1.75
2016.01.25 13:02:47.108,0.76723,0.76744,1.00,1.75
2016.01.25 13:02:48.760,0.76722,0.76742,1.00,1.75
2016.01.25 13:02:49.282,0.76723,0.76742,1.00,1.75
2016.01.25 13:02:49.821,0.76724,0.76744,1.00,1.75
2016.01.25 13:02:50.337,0.76725,0.76744,1.00,1.75
2016.01.25 13:02:52.387,0.76727,0.76745,1.00,1.75
2016.01.25 13:02:53.483,0.76725,0.76747,1.00,1.75
2016.01.25 13:02:53.534,0.76725,0.76745,1.00,1.75
2016.01.25 13:02:54.082,0.76724,0.76742,1.00,1.75
2016.01.25 13:02:54.551,0.76721,0.76741,1.50,2.25
2016.01.25 13:02:54.804,0.76723,0.76744,1.00,3.00
2016.01.25 13:02:55.308,0.76722,0.76741,1.00,1.75
2016.01.25 13:02:55.623,0.76725,0.76742,1.00,1.75
2016.01.25 13:02:56.127,0.76726,0.76743,1.00,1.75
2016.01.25 13:02:56.228,0.76726,0.76744,1.00,1.75
2016.01.25 13:02:56.379,0.76727,0.76745,1.00,1.50
2016.01.25 13:02:56.830,0.76729,0.76745,1.00,1.00
2016.01.25 13:02:57.334,0.7673,0.76745,1.00,1.00
2016.01.25 13:02:57.599,0.76735,0.76754,1.00,1.37
2016.01.25 13:02:57.650,0.76735,0.76754,1.00,1.00
2016.01.25 13:02:58.003,0.76737,0.76758,1.00,1.75
2016.01.25 13:02:58.558,0.76737,0.76756,1.00,1.00
2016.01.25 13:02:58.862,0.76739,0.7676,1.00,1.75
2016.01.25 13:02:59.482,0.76738,0.7676,1.00,1.75
2016.01.25 13:03:00.018,0.76737,0.76758,1.50,2.25
2016.01.25 13:03:01.559,0.76736,0.76757,1.00,1.50
2016.01.25 13:03:01.862,0.76739,0.76758,1.00,1.75
2016.01.25 13:03:02.365,0.76738,0.76759,1.00,1.75
2016.01.25 13:03:02.872,0.76737,0.76758,1.00,1.75
2016.01.25 13:03:03.469,0.76738,0.76758,1.00,1.75
2016.01.25 13:03:04.037,0.76738,0.76758,1.00,1.75
2016.01.25 13:03:04.138,0.76735,0.76759,1.00,1.75
2016.01.25 13:03:04.340,0.76735,0.76756,1.00,2.25
2016.01.25 13:03:04.696,0.76733,0.76753,1.00,1.75
2016.01.25 13:03:05.049,0.76732,0.76749,1.00,1.37
2016.01.25 13:03:05.554,0.76731,0.76752,1.00,1.75
2016.01.25 13:03:07.821,0.76732,0.76751,1.00,1.75
2016.01.25 13:03:09.648,0.76732,0.76754,1.00,1.75
2016.01.25 13:03:09.699,0.76733,0.76754,1.00,1.75
2016.01.25 13:03:12.769,0.76735,0.76754,1.00,1.75
2016.01.25 13:03:13.804,0.76737,0.76756,1.00,1.75
2016.01.25 13:03:13.905,0.76737,0.76756,1.00,1.75
2016.01.25 13:03:15.096,0.76736,0.76757,1.00,1.75
2016.01.25 13:03:15.745,0.76737,0.76757,1.00,1.75
2016.01.25 13:03:15.896,0.76735,0.76757,1.50,1.75
2016.01.25 13:03:16.199,0.76735,0.76753,1.00,1.37
2016.01.25 13:03:16.541,0.76734,0.76752,1.00,1.75
2016.01.25 13:03:17.310,0.76735,0.76752,1.00,1.75
2016.01.25 13:03:17.719,0.76732,0.76755,1.50,3.75
2016.01.25 13:03:19.111,0.76729,0.76754,1.50,2.25
2016.01.25 13:03:19.313,0.76729,0.76749,1.00,1.50
2016.01.25 13:03:19.850,0.7673,0.76753,1.00,1.75
2016.01.25 13:03:21.133,0.76735,0.76754,1.00,2.25
2016.01.25 13:03:21.284,0.76735,0.76754,1.00,1.00
2016.01.25 13:03:21.486,0.76737,0.76754,1.00,1.00
2016.01.25 13:03:22.069,0.76736,0.76754,1.00,1.00
2016.01.25 13:03:22.373,0.76734,0.76755,1.00,1.75
2016.01.25 13:03:22.474,0.76732,0.76755,1.00,1.75
2016.01.25 13:03:22.979,0.76733,0.7675,1.00,1.12
2016.01.25 13:03:23.030,0.76731,0.7675,1.50,1.37
2016.01.25 13:03:23.804,0.7673,0.76749,1.00,1.75
2016.01.25 13:03:24.108,0.76729,0.76747,1.00,1.37
2016.01.25 13:03:24.636,0.76728,0.7675,1.50,2.25
2016.01.25 13:03:25.218,0.7673,0.7675,1.00,2.25
2016.01.25 13:03:27.508,0.76729,0.7675,1.00,2.25
2016.01.25 13:03:29.275,0.76728,0.7675,1.50,3.75
2016.01.25 13:03:30.815,0.76726,0.76747,1.50,1.75
2016.01.25 13:03:31.710,0.76726,0.76747,1.00,3.00
2016.01.25 13:03:32.012,0.76726,0.76749,1.50,3.00
2016.01.25 13:03:32.144,0.76728,0.76749,1.00,3.00
2016.01.25 13:03:32.361,0.76728,0.76749,1.00,1.75
2016.01.25 13:03:32.788,0.7673,0.76749,1.00,1.75
2016.01.25 13:03:33.803,0.76729,0.76749,1.00,1.75
2016.01.25 13:03:34.882,0.7673,0.76749,1.00,1.75
2016.01.25 13:03:35.084,0.76733,0.76751,1.00,1.50
2016.01.25 13:03:35.775,0.76734,0.76755,1.00,1.75
2016.01.25 13:03:36.425,0.76733,0.76756,1.00,2.25
2016.01.25 13:03:39.185,0.76734,0.76756,1.00,2.25
2016.01.25 13:03:39.689,0.76733,0.76756,1.50,3.00
2016.01.25 13:03:42.200,0.76731,0.76754,1.00,1.75
2016.01.25 13:03:42.363,0.76731,0.76753,1.00,2.25
2016.01.25 13:03:42.415,0.76728,0.7675,1.00,1.75
2016.01.25 13:03:42.466,0.76728,0.76749,1.00,2.25
2016.01.25 13:03:42.901,0.76725,0.76747,1.00,1.75
2016.01.25 13:03:43.355,0.76727,0.76747,1.00,1.75
2016.01.25 13:03:43.856,0.76726,0.76747,1.00,1.75
2016.01.25 13:03:43.907,0.76724,0.76747,1.50,1.75
2016.01.25 13:03:44.260,0.76726,0.76747,1.00,1.75
2016.01.25 13:03:44.691,0.76728,0.76747,1.00,1.75
2016.01.25 13:03:45.265,0.76729,0.76749,1.00,3.75
2016.01.25 13:03:46.812,0.76729,0.7675,1.00,2.25
2016.01.25 13:03:46.863,0.76729,0.76749,1.00,1.75
2016.01.25 13:03:48.532,0.76728,0.76748,1.00,1.75
2016.01.25 13:03:49.048,0.76729,0.7675,1.00,1.75
2016.01.25 13:03:50.085,0.7673,0.7675,1.00,1.75
2016.01.25 13:03:50.320,0.76735,0.76752,1.00,1.75
2016.01.25 13:03:50.370,0.76735,0.76754,1.00,1.75
2016.01.25 13:03:50.421,0.76736,0.76755,1.00,1.75
2016.01.25 13:03:50.938,0.76735,0.76757,1.00,1.75
2016.01.25 13:03:51.441,0.76736,0.76757,1.00,1.75
2016.01.25 13:03:52.006,0.76735,0.76757,1.00,1.75
2016.01.25 13:03:52.545,0.76736,0.76756,1.00,1.75
2016.01.25 13:03:53.426,0.76737,0.76756,1.00,1.75
2016.01.25 13:03:53.729,0.76735,0.76756,1.00,1.75
2016.01.25 13:03:54.252,0.76734,0.76756,1.00,2.25
2016.01.25 13:03:54.662,0.76733,0.76756,1.00,3.75
2016.01.25 13:03:55.016,0.7673,0.76753,1.50,1.75
2016.01.25 13:03:55.167,0.7673,0.76752,1.00,1.75
2016.01.25 13:03:55.319,0.76728,0.76749,1.00,1.75
2016.01.25 13:03:55.370,0.76728,0.76749,1.00,1.75
2016.01.25 13:03:55.892,0.76727,0.7675,1.00,2.25
2016.01.25 13:03:56.396,0.76726,0.76747,1.00,1.75
2016.01.25 13:03:56.844,0.76723,0.76743,1.50,1.75
2016.01.25 13:03:57.148,0.76727,0.76746,1.00,2.25
2016.01.25 13:03:57.769,0.76725,0.76746,1.00,3.00
2016.01.25 13:03:59.188,0.76724,0.76746,1.00,3.00
2016.01.25 13:04:01.527,0.76726,0.76746,1.00,3.00
2016.01.25 13:04:01.628,0.76727,0.76748,1.00,1.75
2016.01.25 13:04:02.298,0.76725,0.76746,1.00,1.75
2016.01.25 13:04:02.348,0.76723,0.76746,1.00,1.75
2016.01.25 13:04:02.399,0.76725,0.76746,1.00,1.75
2016.01.25 13:04:06.008,0.76724,0.76745,1.00,1.75
2016.01.25 13:04:06.811,0.76725,0.76745,1.00,1.75
2016.01.25 13:04:07.768,0.76724,0.76746,1.00,1.75
2016.01.25 13:04:07.920,0.76722,0.76744,1.00,1.75
2016.01.25 13:04:08.126,0.76721,0.76744,1.00,3.00
2016.01.25 13:04:08.328,0.76717,0.76742,1.50,2.25
2016.01.25 13:04:08.429,0.76715,0.76737,1.12,1.12
2016.01.25 13:04:08.530,0.76714,0.76737,1.12,2.62
2016.01.25 13:04:08.866,0.76713,0.76728,1.00,1.00
2016.01.25 13:04:08.968,0.76711,0.76728,1.00,1.00
2016.01.25 13:04:09.120,0.7671,0.76726,1.00,1.37
2016.01.25 13:04:09.222,0.76703,0.76725,1.00,2.25
2016.01.25 13:04:09.532,0.76697,0.76724,1.87,1.75
2016.01.25 13:04:09.835,0.76697,0.76719,1.00,1.37
2016.01.25 13:04:10.486,0.76696,0.76722,1.00,3.00
2016.01.25 13:04:10.990,0.76695,0.76721,1.00,1.75
2016.01.25 13:04:11.518,0.76694,0.7672,1.87,1.75
2016.01.25 13:04:13.074,0.76695,0.76721,1.00,1.75
2016.01.25 13:04:14.803,0.76694,0.76721,1.12,1.75
2016.01.25 13:04:15.357,0.76695,0.76721,1.00,2.25
2016.01.25 13:04:16.916,0.76694,0.7672,1.87,1.75
2016.01.25 13:04:17.570,0.76693,0.76717,1.12,1.50
2016.01.25 13:04:17.797,0.7669,0.76715,1.12,1.75
2016.01.25 13:04:21.766,0.76694,0.76716,1.00,2.25
2016.01.25 13:04:22.068,0.7669,0.76712,1.00,3.00
2016.01.25 13:04:22.270,0.76688,0.76712,1.00,3.00
2016.01.25 13:04:22.839,0.76688,0.76707,1.00,2.25
2016.01.25 13:04:22.890,0.76684,0.76705,1.00,1.75
2016.01.25 13:04:23.487,0.76681,0.76706,1.00,1.75
2016.01.25 13:04:23.954,0.76683,0.76706,1.00,1.75
2016.01.25 13:04:24.015,0.76686,0.76708,1.00,1.50
2016.01.25 13:04:24.117,0.76688,0.76713,1.00,2.25
2016.01.25 13:04:24.622,0.76685,0.76711,1.12,1.75
2016.01.25 13:04:24.672,0.76685,0.76708,1.00,2.25
2016.01.25 13:04:25.057,0.76683,0.76708,1.00,2.25
2016.01.25 13:04:25.158,0.76685,0.76708,1.00,2.25
2016.01.25 13:04:25.612,0.76686,0.76711,1.00,1.75
2016.01.25 13:04:26.015,0.76688,0.76711,1.00,1.75
2016.01.25 13:04:28.074,0.76688,0.76715,1.12,3.00
2016.01.25 13:04:29.926,0.76689,0.76715,1.00,2.25
2016.01.25 13:04:30.525,0.7669,0.76715,1.00,1.75
2016.01.25 13:04:31.156,0.76691,0.76718,1.12,3.00
2016.01.25 13:04:31.680,0.76691,0.76717,1.12,2.25
2016.01.25 13:04:32.435,0.7669,0.76714,1.00,1.75
2016.01.25 13:04:36.359,0.76688,0.76712,1.12,1.75
2016.01.25 13:04:37.616,0.76687,0.76711,1.12,1.50
2016.01.25 13:04:38.458,0.76686,0.7671,1.00,1.75
2016.01.25 13:04:38.996,0.76688,0.76712,1.00,1.75
2016.01.25 13:04:39.519,0.76689,0.76712,1.00,1.75
2016.01.25 13:04:39.671,0.76688,0.76713,1.12,1.75
2016.01.25 13:04:40.544,0.76686,0.7671,1.37,1.37
2016.01.25 13:04:40.847,0.76685,0.76706,1.00,1.75
2016.01.25 13:04:41.158,0.76685,0.76707,1.00,3.00
2016.01.25 13:04:41.209,0.76685,0.76708,1.00,1.75
2016.01.25 13:04:41.619,0.76685,0.76707,1.50,1.00
2016.01.25 13:04:41.669,0.76688,0.76713,1.00,3.00
2016.01.25 13:04:41.720,0.76688,0.76713,1.12,1.75
2016.01.25 13:04:42.664,0.76688,0.7671,1.12,2.25
2016.01.25 13:04:42.765,0.76686,0.76704,1.00,1.00
2016.01.25 13:04:43.296,0.76685,0.76706,1.00,2.25
2016.01.25 13:04:43.753,0.76681,0.76705,1.00,3.00
2016.01.25 13:04:43.854,0.76683,0.76705,1.00,3.00
2016.01.25 13:04:43.956,0.76683,0.76705,1.00,1.75
2016.01.25 13:04:44.667,0.76685,0.76707,1.00,2.25
2016.01.25 13:04:45.154,0.76682,0.76707,1.00,3.00
2016.01.25 13:04:45.659,0.76681,0.76706,1.00,1.75
2016.01.25 13:04:47.281,0.7668,0.76704,1.50,1.75
2016.01.25 13:04:49.222,0.76682,0.76705,1.00,1.75
2016.01.25 13:04:51.457,0.76684,0.76706,1.00,1.75
2016.01.25 13:04:51.558,0.76682,0.76707,1.00,2.25
2016.01.25 13:04:51.760,0.76684,0.76707,1.00,2.25
2016.01.25 13:04:51.861,0.76684,0.76708,1.00,1.75
2016.01.25 13:04:51.963,0.76684,0.76707,1.75,1.00
2016.01.25 13:04:52.496,0.76683,0.76707,1.37,1.37
2016.01.25 13:04:52.547,0.76683,0.76707,1.12,2.25
2016.01.25 13:05:01.596,0.76677,0.76702,1.75,1.50
2016.01.25 13:05:05.071,0.76677,0.767,1.75,1.00
2016.01.25 13:05:05.466,0.76675,0.76698,1.50,1.75
2016.01.25 13:05:06.026,0.76675,0.76701,2.62,1.75
2016.01.25 13:05:06.128,0.76675,0.76701,3.00,1.75
2016.01.25 13:05:10.657,0.76675,0.767,1.37,1.75
2016.01.25 13:05:10.708,0.76675,0.767,1.00,2.25
2016.01.25 13:05:11.245,0.76673,0.76699,1.50,1.75
2016.01.25 13:05:12.652,0.76675,0.767,1.37,1.50
2016.01.25 13:05:12.753,0.76675,0.767,1.75,1.50
2016.01.25 13:05:14.006,0.76675,0.76698,1.75,1.00
2016.01.25 13:05:14.057,0.76675,0.76698,1.37,1.37
2016.01.25 13:05:14.158,0.76672,0.76698,1.50,3.00
2016.01.25 13:05:14.259,0.76672,0.76698,1.12,1.75
2016.01.25 13:05:16.498,0.76673,0.76699,1.00,2.25
2016.01.25 13:05:16.903,0.76675,0.767,1.00,2.25
2016.01.25 13:05:17.058,0.76675,0.76701,2.25,1.75
2016.01.25 13:05:19.289,0.7668,0.76704,1.12,1.50
2016.01.25 13:05:20.379,0.76678,0.76702,1.37,1.37
2016.01.25 13:05:20.480,0.76678,0.76702,1.00,1.75
2016.01.25 13:05:21.840,0.76676,0.76702,1.50,2.25
2016.01.25 13:05:30.403,0.76678,0.76702,1.00,1.75
2016.01.25 13:05:31.214,0.76678,0.76702,1.75,1.12
2016.01.25 13:05:33.030,0.76678,0.76701,1.75,1.00
2016.01.25 13:05:33.081,0.76676,0.76701,2.25,1.37
2016.01.25 13:05:33.132,0.76676,0.76701,1.50,1.75
2016.01.25 13:05:34.697,0.76675,0.76699,1.37,1.37
2016.01.25 13:05:35.199,0.76675,0.76699,1.00,1.75
2016.01.25 13:05:35.755,0.76674,0.76699,1.00,1.75
2016.01.25 13:05:35.957,0.76675,0.767,1.75,1.50
2016.01.25 13:05:36.321,0.76674,0.76699,2.25,1.37
2016.01.25 13:05:36.373,0.76674,0.76699,1.12,1.75
2016.01.25 13:05:38.189,0.76671,0.76696,1.50,1.37
2016.01.25 13:05:38.240,0.76671,0.76696,1.12,1.75
2016.01.25 13:05:38.291,0.76675,0.76696,1.00,1.75
2016.01.25 13:05:38.968,0.76672,0.76697,1.00,1.75
2016.01.25 13:05:39.480,0.76673,0.76697,1.00,1.75
2016.01.25 13:05:39.531,0.76671,0.76697,1.12,1.75
2016.01.25 13:05:42.267,0.7667,0.76694,1.00,1.75
2016.01.25 13:05:42.492,0.76668,0.76693,1.12,1.75
2016.01.25 13:05:44.250,0.7667,0.76693,1.00,1.75
2016.01.25 13:05:44.351,0.76668,0.76693,1.12,1.75
2016.01.25 13:05:44.453,0.7667,0.76693,1.00,1.75
2016.01.25 13:05:44.893,0.76668,0.76693,1.12,1.75
2016.01.25 13:05:53.241,0.76669,0.76694,1.50,1.75
2016.01.25 13:05:54.648,0.76666,0.7669,1.50,1.75
2016.01.25 13:05:55.004,0.76663,0.76688,1.50,1.75
2016.01.25 13:05:56.957,0.76663,0.76689,1.12,3.00
2016.01.25 13:05:57.475,0.76662,0.76685,1.00,1.50
2016.01.25 13:05:58.111,0.76659,0.76685,2.25,1.50
2016.01.25 13:05:59.459,0.7666,0.76681,1.00,1.37
2016.01.25 13:05:59.560,0.76656,0.76681,1.00,1.75
2016.01.25 13:06:00.140,0.76657,0.7668,1.00,1.75
2016.01.25 13:06:00.241,0.76656,0.7668,1.00,1.75
2016.01.25 13:06:00.768,0.76657,0.7668,1.00,1.75
2016.01.25 13:06:02.345,0.76657,0.76681,1.00,2.25
2016.01.25 13:06:02.934,0.76659,0.7668,1.00,1.75
2016.01.25 13:06:03.359,0.76662,0.76684,1.00,1.75
2016.01.25 13:06:03.906,0.76663,0.76685,1.00,3.00
2016.01.25 13:06:04.441,0.76662,0.76684,1.00,1.75
2016.01.25 13:06:04.593,0.76658,0.7668,1.00,1.75
2016.01.25 13:06:05.148,0.76656,0.76679,1.12,1.75
2016.01.25 13:06:05.350,0.76653,0.76678,1.12,1.75
2016.01.25 13:06:05.998,0.76654,0.76678,1.00,1.75
2016.01.25 13:06:06.504,0.76653,0.76678,1.12,1.75
2016.01.25 13:06:09.367,0.76655,0.76677,1.00,1.75
2016.01.25 13:06:09.841,0.76652,0.76677,1.50,1.75
2016.01.25 13:06:10.403,0.76654,0.76678,1.00,1.75
2016.01.25 13:06:10.996,0.76653,0.76678,1.12,1.75
2016.01.25 13:06:11.780,0.76653,0.76676,1.00,1.75
2016.01.25 13:06:11.931,0.7665,0.76677,1.87,2.25
2016.01.25 13:06:11.982,0.76652,0.76677,1.00,1.75
2016.01.25 13:06:12.300,0.76651,0.76674,1.00,1.75
2016.01.25 13:06:12.502,0.76651,0.76673,1.75,1.00
2016.01.25 13:06:12.553,0.76651,0.76678,2.25,2.25
2016.01.25 13:06:12.906,0.76651,0.76674,1.00,1.75
2016.01.25 13:06:13.407,0.7665,0.76675,1.50,1.75
2016.01.25 13:06:17.970,0.76649,0.76672,1.12,1.50
2016.01.25 13:06:18.303,0.76647,0.76672,1.50,1.75
2016.01.25 13:06:19.975,0.76646,0.76672,1.12,2.25
2016.01.25 13:06:24.451,0.76647,0.76671,1.00,1.75
2016.01.25 13:06:26.148,0.76645,0.76668,1.87,1.12
2016.01.25 13:06:26.454,0.76645,0.76668,1.00,1.75
2016.01.25 13:06:27.004,0.76646,0.76669,1.00,1.75
2016.01.25 13:06:27.925,0.76645,0.76668,1.00,1.75
2016.01.25 13:06:30.597,0.76642,0.76667,1.50,1.75
2016.01.25 13:06:30.648,0.76641,0.76663,1.37,1.00
2016.01.25 13:06:30.749,0.7664,0.76663,1.87,1.37
2016.01.25 13:06:31.101,0.76645,0.76663,1.00,1.37
2016.01.25 13:06:31.252,0.7664,0.76663,1.87,1.37
2016.01.25 13:06:33.908,0.76644,0.76665,1.00,2.25
2016.01.25 13:06:34.311,0.76645,0.76667,1.00,1.50
2016.01.25 13:06:38.375,0.76645,0.76667,1.00,1.75
2016.01.25 13:06:38.595,0.76645,0.76667,1.00,1.75
2016.01.25 13:06:40.305,0.76641,0.76666,1.12,1.75
2016.01.25 13:06:40.406,0.76645,0.76668,1.00,2.25
2016.01.25 13:06:40.608,0.76641,0.76666,1.12,1.75
2016.01.25 13:06:40.972,0.76644,0.76666,1.00,1.75
2016.01.25 13:06:41.174,0.7664,0.76666,1.87,1.75
2016.01.25 13:06:41.477,0.76641,0.76667,2.25,2.25
2016.01.25 13:06:41.679,0.76641,0.76665,1.37,1.37
2016.01.25 13:06:41.729,0.76641,0.76665,1.12,1.75
2016.01.25 13:06:52.894,0.7664,0.76662,1.00,1.75
2016.01.25 13:06:59.873,0.7664,0.76664,2.25,1.50
2016.01.25 13:07:00.075,0.7664,0.76661,1.50,1.00
2016.01.25 13:07:00.410,0.7664,0.76661,1.00,1.75
2016.01.25 13:07:00.763,0.76638,0.76661,1.00,1.75
2016.01.25 13:07:01.277,0.76636,0.7666,1.50,1.50
2016.01.25 13:07:01.530,0.7664,0.7666,1.00,1.50
2016.01.25 13:07:01.631,0.76635,0.76655,1.00,1.00
2016.01.25 13:07:01.833,0.76632,0.76657,1.50,3.75
2016.01.25 13:07:02.234,0.76627,0.76651,1.00,1.75
2016.01.25 13:07:02.866,0.76628,0.76652,1.00,3.00
2016.01.25 13:07:05.117,0.76627,0.76652,1.50,2.25
2016.01.25 13:07:05.424,0.76625,0.7665,1.00,2.25
2016.01.25 13:07:13.012,0.76624,0.76647,1.12,1.50
2016.01.25 13:07:13.063,0.76623,0.76644,1.50,1.50
2016.01.25 13:07:13.264,0.76614,0.76637,1.50,1.12
2016.01.25 13:07:13.365,0.7661,0.76634,2.25,1.00
2016.01.25 13:07:13.467,0.7661,0.76637,2.25,2.25
2016.01.25 13:07:13.971,0.7661,0.76633,1.75,1.00
2016.01.25 13:07:17.200,0.76606,0.76632,3.75,1.00
2016.01.25 13:07:17.302,0.76606,0.7663,2.25,1.00
2016.01.25 13:07:17.506,0.76606,0.76634,3.75,1.12
2016.01.25 13:07:26.318,0.76609,0.76633,2.25,1.00
2016.01.25 13:07:26.944,0.7661,0.76634,1.75,1.12
2016.01.25 13:07:28.748,0.7661,0.76635,1.75,1.12
2016.01.25 13:07:30.884,0.7661,0.76634,1.75,1.00
2016.01.25 13:07:33.582,0.7661,0.76635,1.75,1.12
2016.01.25 13:07:37.285,0.76615,0.76635,1.00,1.12
2016.01.25 13:07:39.100,0.76615,0.76638,1.50,1.87
2016.01.25 13:07:39.151,0.76615,0.76637,1.37,1.37
2016.01.25 13:07:39.252,0.76614,0.76638,1.00,2.25
2016.01.25 13:07:39.844,0.76614,0.76638,1.37,1.37
2016.01.25 13:07:39.895,0.76614,0.76638,1.75,1.12
2016.01.25 13:07:40.047,0.76614,0.76637,1.37,1.37
2016.01.25 13:07:40.097,0.76614,0.76637,1.00,1.75
2016.01.25 13:07:40.148,0.76612,0.76637,1.87,1.75
2016.01.25 13:07:41.558,0.76612,0.76634,1.50,1.12
2016.01.25 13:07:41.609,0.76614,0.76638,1.00,2.25
2016.01.25 13:07:42.254,0.76614,0.76637,1.00,1.00
2016.01.25 13:07:48.563,0.76614,0.76638,1.50,2.25
2016.01.25 13:07:49.140,0.76614,0.76637,1.50,1.00
2016.01.25 13:07:49.680,0.76614,0.76638,1.00,2.25
2016.01.25 13:07:51.045,0.76614,0.76636,1.00,1.00
2016.01.25 13:07:51.347,0.76612,0.76636,1.00,1.75
2016.01.25 13:07:57.275,0.76611,0.76634,1.12,1.12
2016.01.25 13:07:57.578,0.76602,0.76623,1.00,1.00
2016.01.25 13:07:57.679,0.766,0.76623,1.12,1.50
2016.01.25 13:07:58.003,0.766,0.76624,1.87,1.37
2016.01.25 13:07:58.205,0.766,0.76626,3.00,1.50
2016.01.25 13:08:05.261,0.766,0.76624,1.75,1.00
2016.01.25 13:08:08.901,0.76599,0.76625,1.75,1.12
2016.01.25 13:08:11.934,0.76603,0.76625,1.87,1.00
2016.01.25 13:08:12.035,0.76606,0.7663,1.75,1.00
2016.01.25 13:08:12.240,0.76608,0.76633,1.75,1.87
2016.01.25 13:08:12.342,0.76608,0.76633,1.37,3.37
2016.01.25 13:08:12.393,0.76605,0.76629,1.12,1.75
2016.01.25 13:08:15.967,0.76602,0.76625,3.00,1.00
2016.01.25 13:08:16.069,0.76601,0.76625,1.75,1.00
2016.01.25 13:08:16.171,0.76605,0.76628,1.12,1.12
2016.01.25 13:08:16.322,0.76605,0.76628,1.50,1.12
2016.01.25 13:08:16.373,0.76605,0.76631,1.75,1.50
2016.01.25 13:08:17.237,0.76606,0.76633,3.75,1.50
2016.01.25 13:08:17.821,0.76608,0.76634,1.75,1.50
2016.01.25 13:08:18.286,0.76606,0.76634,2.25,2.25
2016.01.25 13:08:18.589,0.7661,0.76631,1.75,1.00
2016.01.25 13:08:18.891,0.76609,0.76633,1.75,1.50
2016.01.25 13:08:19.258,0.76609,0.76631,1.75,1.00
2016.01.25 13:08:19.561,0.7661,0.76635,1.75,1.12
2016.01.25 13:08:19.712,0.76617,0.76635,1.00,1.12
2016.01.25 13:08:19.763,0.76619,0.76644,1.00,3.75
2016.01.25 13:08:19.864,0.7662,0.76644,1.75,1.12
2016.01.25 13:08:30.586,0.7662,0.76643,1.75,1.00
2016.01.25 13:08:31.194,0.7662,0.76646,1.75,2.25
2016.01.25 13:08:32.004,0.7662,0.76642,1.75,1.00
2016.01.25 13:08:33.032,0.7662,0.76643,1.75,1.00
2016.01.25 13:08:35.485,0.7662,0.76647,2.25,1.75
2016.01.25 13:08:36.601,0.7662,0.76646,2.25,1.00
2016.01.25 13:08:37.144,0.7662,0.76648,3.00,1.50
2016.01.25 13:08:37.806,0.76621,0.76645,1.75,1.00
2016.01.25 13:08:37.907,0.7662,0.76644,1.75,1.12
2016.01.25 13:08:42.974,0.76621,0.76647,1.75,1.37
2016.01.25 13:08:43.025,0.76621,0.76647,1.75,1.00
2016.01.25 13:08:43.566,0.76622,0.76648,1.75,1.12
2016.01.25 13:08:45.395,0.76623,0.76646,1.75,1.00
2016.01.25 13:08:45.496,0.76623,0.76648,1.75,1.12
2016.01.25 13:08:51.060,0.76622,0.76646,1.75,1.00
2016.01.25 13:08:51.111,0.7662,0.76648,3.75,1.12
2016.01.25 13:08:51.885,0.7662,0.76646,3.75,1.00
2016.01.25 13:08:52.443,0.7662,0.76645,3.75,1.00
2016.01.25 13:08:52.947,0.7662,0.76646,3.75,1.00
2016.01.25 13:08:53.760,0.7662,0.76644,2.25,1.00
2016.01.25 13:08:53.810,0.7662,0.76644,2.25,1.00
2016.01.25 13:08:54.426,0.7662,0.76643,1.75,1.00
2016.01.25 13:08:57.293,0.7662,0.76644,1.75,1.00
2016.01.25 13:08:59.501,0.7662,0.76642,1.75,1.00
2016.01.25 13:08:59.551,0.7662,0.76642,1.00,2.25
2016.01.25 13:08:59.653,0.7662,0.76641,1.00,1.75
2016.01.25 13:08:59.704,0.76615,0.76639,1.00,1.75
2016.01.25 13:09:00.213,0.76611,0.76636,1.75,1.12
2016.01.25 13:09:01.245,0.76609,0.76633,1.75,1.12
2016.01.25 13:09:02.574,0.76606,0.76632,2.25,1.00
2016.01.25 13:09:03.084,0.76604,0.76631,1.75,2.25
2016.01.25 13:09:03.135,0.76603,0.76628,2.25,1.00
2016.01.25 13:09:03.445,0.76605,0.7663,2.25,1.12
2016.01.25 13:09:09.274,0.76608,0.76633,1.75,1.00
2016.01.25 13:09:09.576,0.76615,0.76638,1.75,1.00
2016.01.25 13:09:10.033,0.76616,0.76643,2.25,1.50
2016.01.25 13:09:10.084,0.76616,0.76643,3.00,1.50
2016.01.25 13:09:13.712,0.76616,0.76641,1.75,1.00
2016.01.25 13:09:13.762,0.76616,0.7664,1.37,1.37
2016.01.25 13:09:13.813,0.76613,0.76639,1.87,1.75
2016.01.25 13:09:13.864,0.76615,0.76635,1.00,1.12
2016.01.25 13:09:14.216,0.76615,0.76639,1.75,1.87
2016.01.25 13:09:14.267,0.76615,0.76639,1.37,2.25
2016.01.25 13:09:14.318,0.76615,0.76638,1.00,2.25
2016.01.25 13:09:14.419,0.76611,0.76638,2.25,1.75
2016.01.25 13:09:14.603,0.76611,0.76638,2.25,1.12
2016.01.25 13:09:18.528,0.76615,0.76642,2.25,3.00
2016.01.25 13:09:18.579,0.76615,0.76642,2.25,3.00
2016.01.25 13:09:19.133,0.76616,0.76639,1.75,1.00
2016.01.25 13:09:19.353,0.76616,0.76641,1.75,1.12
2016.01.25 13:09:22.213,0.76615,0.7664,1.75,1.00
2016.01.25 13:09:22.365,0.76614,0.76639,1.50,1.00
2016.01.25 13:09:22.466,0.76614,0.76637,1.00,1.50
2016.01.25 13:09:22.567,0.76612,0.76636,1.00,1.00
2016.01.25 13:09:23.346,0.76612,0.76631,1.00,1.00
2016.01.25 13:09:23.598,0.76607,0.76633,1.12,2.25
2016.01.25 13:09:23.941,0.76602,0.76626,1.50,1.12
2016.01.25 13:09:23.991,0.766,0.76626,1.87,1.75
2016.01.25 13:09:29.924,0.766,0.76626,1.37,1.75
2016.01.25 13:09:30.428,0.766,0.76627,2.25,1.75
2016.01.25 13:09:30.814,0.76596,0.76623,3.00,1.87
2016.01.25 13:09:30.866,0.76596,0.76623,2.25,2.25
2016.01.25 13:09:31.270,0.76595,0.7662,1.75,1.37
2016.01.25 13:09:31.321,0.76595,0.7662,1.50,1.75
2016.01.25 13:09:31.372,0.76595,0.76621,1.75,1.12
2016.01.25 13:09:31.675,0.76595,0.76617,1.12,1.12
2016.01.25 13:09:32.892,0.76595,0.76617,1.12,2.25
2016.01.25 13:09:33.172,0.7659,0.76614,1.75,1.12
2016.01.25 13:09:33.424,0.7659,0.76613,1.37,1.37
2016.01.25 13:09:33.475,0.7659,0.76613,1.00,1.75
2016.01.25 13:09:36.259,0.7659,0.76615,1.50,1.12
2016.01.25 13:09:36.876,0.7659,0.76613,1.50,1.00
2016.01.25 13:09:36.977,0.7659,0.76615,1.50,1.12
2016.01.25 13:09:37.634,0.7659,0.76616,1.87,1.75
2016.01.25 13:09:38.138,0.7659,0.76615,1.00,2.25
2016.01.25 13:09:38.997,0.7659,0.76614,1.00,2.25
2016.01.25 13:09:39.499,0.7659,0.76613,1.00,1.75
2016.01.25 13:09:39.950,0.76588,0.76611,1.00,1.75
2016.01.25 13:09:40.001,0.76585,0.76611,2.25,1.75
2016.01.25 13:09:40.102,0.76585,0.76611,1.37,1.75
2016.01.25 13:09:40.607,0.76585,0.76607,1.12,1.37
2016.01.25 13:09:40.658,0.76585,0.76607,1.50,1.00
2016.01.25 13:09:40.709,0.76585,0.76606,1.37,1.37
2016.01.25 13:09:40.810,0.7658,0.76605,1.12,1.75
2016.01.25 13:09:45.123,0.7658,0.76601,1.12,1.37
2016.01.25 13:09:45.822,0.7658,0.76601,1.00,1.75
2016.01.25 13:09:47.781,0.7658,0.76601,1.12,1.00
2016.01.25 13:09:48.133,0.7658,0.76605,1.50,1.37
2016.01.25 13:09:48.184,0.7658,0.76605,1.75,1.12
2016.01.25 13:09:48.642,0.76585,0.76605,1.00,1.12
2016.01.25 13:09:49.762,0.7658,0.76605,1.75,1.12
2016.01.25 13:09:49.996,0.76585,0.76605,1.00,1.12
2016.01.25 13:10:03.321,0.76585,0.76608,1.00,1.75
2016.01.25 13:10:03.678,0.76585,0.7661,1.37,1.50
2016.01.25 13:10:03.729,0.76588,0.76614,1.75,1.87
2016.01.25 13:10:03.780,0.7659,0.76614,1.75,1.87
2016.01.25 13:10:03.931,0.7659,0.76616,1.75,1.12
2016.01.25 13:10:04.183,0.76596,0.76619,1.00,1.75
2016.01.25 13:10:04.701,0.76597,0.76621,1.00,1.00
2016.01.25 13:10:04.802,0.76596,0.76615,1.00,1.00
2016.01.25 13:10:05.105,0.7659,0.76615,1.50,2.25
2016.01.25 13:10:05.607,0.7659,0.76612,1.50,1.00
2016.01.25 13:10:05.833,0.7659,0.7661,1.50,1.00
2016.01.25 13:10:06.085,0.76585,0.7661,1.37,1.50
2016.01.25 13:10:06.237,0.76585,0.76606,1.37,1.50
2016.01.25 13:10:06.507,0.76584,0.76605,1.00,1.12
2016.01.25 13:10:06.709,0.76576,0.76602,2.25,1.37
2016.01.25 13:10:06.810,0.76576,0.766,1.37,1.37
2016.01.25 13:10:06.912,0.7657,0.76595,1.27,1.37
2016.01.25 13:10:06.962,0.76569,0.76595,1.50,1.50
2016.01.25 13:10:09.456,0.7657,0.76594,1.00,1.37
2016.01.25 13:10:10.707,0.76565,0.76592,3.00,1.75
2016.01.25 13:10:12.379,0.76565,0.76589,1.75,1.00
2016.01.25 13:10:12.923,0.76566,0.76593,1.75,1.75
2016.01.25 13:10:13.024,0.7657,0.76593,1.00,1.75
2016.01.25 13:10:16.432,0.7657,0.76595,1.37,2.25
2016.01.25 13:10:16.533,0.76571,0.76595,1.00,2.25
2016.01.25 13:10:16.841,0.7657,0.76595,1.37,1.50
2016.01.25 13:10:17.344,0.7657,0.76597,1.00,3.75
2016.01.25 13:10:21.942,0.7657,0.76593,1.00,3.75
2016.01.25 13:10:23.572,0.76565,0.7659,1.12,1.75
2016.01.25 13:10:23.673,0.7657,0.7659,1.00,1.75
2016.01.25 13:10:24.660,0.76566,0.76591,1.00,1.75
2016.01.25 13:10:25.759,0.7657,0.76593,1.00,3.75
2016.01.25 13:10:26.012,0.7657,0.76594,1.00,2.25
2016.01.25 13:10:28.495,0.76566,0.7659,1.12,2.62
2016.01.25 13:10:29.124,0.76565,0.76589,1.00,1.75
2016.01.25 13:10:30.059,0.76564,0.76589,1.00,1.75
2016.01.25 13:10:30.331,0.76564,0.7659,1.50,1.75
2016.01.25 13:10:30.382,0.7657,0.7659,1.00,1.50
2016.01.25 13:10:30.433,0.7657,0.7659,1.00,1.12
2016.01.25 13:10:30.800,0.7657,0.76597,1.37,3.75
2016.01.25 13:10:30.851,0.7657,0.76597,1.75,2.25
2016.01.25 13:10:32.522,0.76573,0.76598,1.50,1.37
2016.01.25 13:10:32.623,0.76575,0.76598,1.75,1.00
2016.01.25 13:10:32.724,0.76576,0.766,1.75,1.00
2016.01.25 13:10:32.775,0.76576,0.76604,1.75,2.25
2016.01.25 13:10:32.825,0.76576,0.76604,1.75,1.37
2016.01.25 13:10:32.876,0.76576,0.76604,3.00,1.00
2016.01.25 13:10:33.179,0.76576,0.76603,1.75,1.12
2016.01.25 13:10:34.575,0.76575,0.76597,3.00,1.00
2016.01.25 13:10:34.628,0.76575,0.76597,1.37,1.00
2016.01.25 13:10:34.729,0.76575,0.76598,1.12,1.37
2016.01.25 13:10:34.880,0.7657,0.76595,2.25,1.00
2016.01.25 13:10:34.981,0.7657,0.76595,2.25,1.50
2016.01.25 13:10:35.183,0.7657,0.76592,1.75,1.00
2016.01.25 13:10:35.665,0.76566,0.76592,1.75,1.75
2016.01.25 13:10:38.156,0.76566,0.76592,1.37,2.25
2016.01.25 13:10:38.207,0.76565,0.76592,1.87,1.75
2016.01.25 13:10:40.724,0.76566,0.76592,1.00,1.75
2016.01.25 13:10:41.264,0.76565,0.76591,1.12,1.75
2016.01.25 13:10:47.073,0.76566,0.76592,1.00,1.75
2016.01.25 13:10:49.128,0.76575,0.76592,1.00,2.25
2016.01.25 13:10:49.314,0.76575,0.76592,1.00,1.75
2016.01.25 13:10:49.831,0.76575,0.76592,1.00,1.75
2016.01.25 13:10:50.889,0.7657,0.76592,1.00,1.75
2016.01.25 13:10:52.238,0.76575,0.76592,1.00,1.75
2016.01.25 13:10:52.497,0.7657,0.76592,1.00,1.75
2016.01.25 13:10:55.131,0.76565,0.76592,2.25,1.75
2016.01.25 13:10:58.714,0.7657,0.76592,1.00,1.75
2016.01.25 13:11:00.458,0.76565,0.76592,2.25,1.75
2016.01.25 13:11:00.796,0.76565,0.7659,1.12,1.75
2016.01.25 13:11:01.099,0.7657,0.7659,1.00,1.12
2016.01.25 13:11:01.303,0.7657,0.76592,1.50,1.00
2016.01.25 13:11:01.914,0.76565,0.76591,2.25,1.87
2016.01.25 13:11:01.965,0.76565,0.7659,2.25,1.50
2016.01.25 13:11:02.660,0.76565,0.76591,2.25,1.37
2016.01.25 13:11:02.710,0.76569,0.76592,1.00,1.00
2016.01.25 13:11:03.228,0.7657,0.76593,1.00,1.50
2016.01.25 13:11:04.567,0.76572,0.76593,1.00,1.00
2016.01.25 13:11:04.719,0.76576,0.766,1.50,1.00
2016.01.25 13:11:08.066,0.76576,0.76602,1.50,1.37
2016.01.25 13:11:08.117,0.76576,0.76602,1.75,1.00
2016.01.25 13:11:08.633,0.76577,0.76603,1.75,1.12
2016.01.25 13:11:09.889,0.76577,0.76603,3.75,1.00
2016.01.25 13:11:10.415,0.76577,0.76601,1.75,1.00
2016.01.25 13:11:10.517,0.76575,0.76599,2.25,1.00
2016.01.25 13:11:10.618,0.76575,0.76599,2.25,1.00
2016.01.25 13:11:12.264,0.76575,0.76602,1.75,2.25
2016.01.25 13:11:12.366,0.76575,0.76598,1.75,1.00
2016.01.25 13:11:13.569,0.76572,0.76598,1.75,1.37
2016.01.25 13:11:13.620,0.76571,0.76598,1.50,1.75
2016.01.25 13:11:13.772,0.7657,0.76597,1.87,2.25
2016.01.25 13:11:14.094,0.7657,0.76592,1.00,1.75
2016.01.25 13:11:15.201,0.7657,0.76592,1.00,1.75
2016.01.25 13:11:15.252,0.7657,0.76595,1.00,2.25
2016.01.25 13:11:15.510,0.7657,0.76595,1.50,1.37
2016.01.25 13:11:18.398,0.7657,0.76594,1.12,1.37
2016.01.25 13:11:20.902,0.76568,0.76594,1.50,1.75
2016.01.25 13:11:22.539,0.76568,0.76594,1.37,2.25
2016.01.25 13:11:22.690,0.76565,0.76591,1.50,1.75
2016.01.25 13:11:22.882,0.7657,0.76593,1.00,2.25
2016.01.25 13:11:23.084,0.7657,0.76594,1.75,1.12
2016.01.25 13:11:23.186,0.7657,0.76594,1.50,1.50
2016.01.25 13:11:23.691,0.76568,0.76594,1.37,1.50
2016.01.25 13:11:24.213,0.7657,0.76595,1.00,2.25
2016.01.25 13:11:28.577,0.76571,0.76598,1.37,3.75
2016.01.25 13:11:28.627,0.76571,0.76597,2.25,1.12
2016.01.25 13:11:30.426,0.76576,0.76603,1.50,3.00
2016.01.25 13:11:30.477,0.76576,0.76603,1.87,2.62
2016.01.25 13:11:30.527,0.7658,0.76604,1.50,1.50
2016.01.25 13:11:30.578,0.7658,0.76604,1.75,1.37
2016.01.25 13:11:30.629,0.76581,0.76605,1.75,1.00
2016.01.25 13:11:31.133,0.7658,0.76607,1.75,1.50
2016.01.25 13:11:32.033,0.7658,0.76605,2.25,1.00
2016.01.25 13:11:35.468,0.7658,0.76604,2.25,1.00
2016.01.25 13:11:35.993,0.76578,0.76603,3.00,1.00
2016.01.25 13:11:37.018,0.76578,0.76604,3.00,1.00
2016.01.25 13:11:37.119,0.76578,0.76604,1.75,1.50
2016.01.25 13:11:43.184,0.76577,0.76602,1.12,2.25
2016.01.25 13:11:43.487,0.7657,0.76597,3.00,2.25
2016.01.25 13:11:43.992,0.7657,0.76594,3.00,1.00
2016.01.25 13:11:44.194,0.7657,0.76594,1.87,1.50
2016.01.25 13:11:48.067,0.7657,0.76593,1.00,1.37
2016.01.25 13:11:48.319,0.76568,0.76593,1.00,1.75
2016.01.25 13:11:48.939,0.76567,0.76593,1.00,1.75
2016.01.25 13:11:49.221,0.7657,0.76594,1.00,2.25
2016.01.25 13:11:50.040,0.76567,0.76594,1.00,2.25
2016.01.25 13:11:50.091,0.76567,0.76594,1.37,2.25
2016.01.25 13:11:50.677,0.7657,0.76594,1.00,1.75
2016.01.25 13:11:51.682,0.76571,0.76594,1.37,1.37
2016.01.25 13:11:51.733,0.76573,0.76599,1.50,3.00
2016.01.25 13:11:55.276,0.76577,0.76602,1.00,2.25
2016.01.25 13:11:55.327,0.76577,0.76601,1.50,1.00
2016.01.25 13:11:55.479,0.7658,0.76601,1.00,1.00
2016.01.25 13:11:56.328,0.7658,0.76603,1.12,1.50
2016.01.25 13:11:56.731,0.76581,0.76607,1.75,1.75
2016.01.25 13:11:57.792,0.76577,0.76603,2.25,1.00
2016.01.25 13:11:58.044,0.76575,0.76602,3.00,1.12
2016.01.25 13:12:03.538,0.7658,0.76603,1.50,1.37
2016.01.25 13:12:03.939,0.7658,0.76605,2.25,1.00
2016.01.25 13:12:04.956,0.7658,0.76603,2.25,1.00
2016.01.25 13:12:07.049,0.76579,0.76603,1.12,1.12
2016.01.25 13:12:07.100,0.76579,0.76602,1.12,1.00
2016.01.25 13:12:07.151,0.76575,0.76596,3.00,1.00
2016.01.25 13:12:07.404,0.76575,0.76597,1.75,1.00
2016.01.25 13:12:07.721,0.76573,0.76594,1.75,1.00
2016.01.25 13:12:08.124,0.76572,0.76597,3.75,1.00
2016.01.25 13:12:08.992,0.76572,0.76595,3.75,1.00
2016.01.25 13:12:09.532,0.76572,0.76596,3.75,1.00
2016.01.25 13:12:10.042,0.76572,0.76597,3.75,1.00
2016.01.25 13:12:11.663,0.76573,0.76598,1.75,1.00
2016.01.25 13:12:12.763,0.76573,0.76597,1.75,1.00
2016.01.25 13:12:13.028,0.76572,0.76597,2.25,1.12
2016.01.25 13:12:13.079,0.76575,0.76595,1.12,1.00
2016.01.25 13:12:13.624,0.76575,0.76597,1.12,1.12
2016.01.25 13:12:15.947,0.76572,0.76595,1.75,1.00
2016.01.25 13:12:16.453,0.76571,0.76596,1.75,1.00
2016.01.25 13:12:18.159,0.7657,0.76595,2.25,1.00
2016.01.25 13:12:18.761,0.7657,0.76594,2.25,1.00
2016.01.25 13:12:19.312,0.7657,0.76593,2.25,1.00
2016.01.25 13:12:19.832,0.7657,0.76594,2.25,1.00
2016.01.25 13:12:21.672,0.76571,0.76595,1.75,1.00
2016.01.25 13:12:23.971,0.76571,0.76593,1.75,1.00
2016.01.25 13:12:25.175,0.76571,0.76596,1.75,1.00
2016.01.25 13:12:25.327,0.76572,0.76594,1.75,1.00
2016.01.25 13:12:28.048,0.76571,0.76595,1.75,1.00
2016.01.25 13:12:29.849,0.76571,0.76593,1.75,1.00
2016.01.25 13:12:30.569,0.76571,0.76595,1.75,1.00
2016.01.25 13:12:30.670,0.7657,0.76595,2.25,1.50
2016.01.25 13:12:31.197,0.7657,0.76593,2.25,1.00
2016.01.25 13:12:32.175,0.7657,0.76592,1.75,1.00
2016.01.25 13:12:32.342,0.7657,0.76592,1.00,2.25
2016.01.25 13:12:32.394,0.76564,0.76587,1.00,2.25
2016.01.25 13:12:32.597,0.7656,0.76586,1.12,1.75
2016.01.25 13:12:33.051,0.7656,0.76587,1.87,1.75
2016.01.25 13:12:33.102,0.76561,0.76587,1.75,1.75
2016.01.25 13:12:33.857,0.76563,0.76589,1.87,1.37
2016.01.25 13:12:33.908,0.76564,0.76589,1.75,1.00
2016.01.25 13:12:33.959,0.76566,0.76589,2.25,1.00
2016.01.25 13:12:34.020,0.76566,0.76593,3.00,1.12
2016.01.25 13:12:34.677,0.76567,0.7659,1.50,1.00
2016.01.25 13:12:34.778,0.76565,0.76588,1.00,1.50
2016.01.25 13:12:35.287,0.76561,0.76585,1.75,1.00
2016.01.25 13:12:35.588,0.76569,0.76594,1.75,1.12
2016.01.25 13:12:35.891,0.76571,0.76597,3.00,1.12
2016.01.25 13:12:35.992,0.76577,0.76601,1.00,2.25
2016.01.25 13:12:38.097,0.76577,0.766,1.00,1.00
2016.01.25 13:12:38.996,0.76577,0.76598,1.00,1.00
2016.01.25 13:12:39.298,0.76577,0.766,1.00,1.00
2016.01.25 13:12:39.495,0.76577,0.76598,1.00,1.00
2016.01.25 13:12:40.375,0.76577,0.76597,1.00,1.00
2016.01.25 13:12:40.426,0.76571,0.76597,2.25,1.12
2016.01.25 13:12:43.533,0.7657,0.76597,3.00,1.75
2016.01.25 13:12:43.856,0.76572,0.76598,1.75,1.50
2016.01.25 13:12:47.287,0.76574,0.766,1.75,1.12
2016.01.25 13:12:48.460,0.76572,0.76597,2.25,1.12
2016.01.25 13:12:50.544,0.76576,0.76601,1.00,1.75
2016.01.25 13:12:50.802,0.76578,0.76604,1.12,1.75
2016.01.25 13:12:53.154,0.76578,0.76604,1.75,1.12
2016.01.25 13:12:53.655,0.76576,0.76603,3.75,1.00
2016.01.25 13:12:53.961,0.76576,0.76599,3.00,1.00
2016.01.25 13:12:54.177,0.76578,0.76599,1.00,1.00
2016.01.25 13:12:54.540,0.76578,0.76602,1.00,1.50
2016.01.25 13:12:54.642,0.76577,0.76602,1.75,1.00
2016.01.25 13:12:54.844,0.76575,0.766,2.25,1.12
2016.01.25 13:12:55.392,0.76576,0.76598,1.75,1.00
2016.01.25 13:12:55.443,0.76576,0.766,1.75,1.12
2016.01.25 13:12:56.382,0.76576,0.76599,1.75,1.00
2016.01.25 13:12:56.433,0.76573,0.76597,2.25,1.00
2016.01.25 13:12:56.585,0.76573,0.76595,1.50,1.00
2016.01.25 13:12:56.787,0.76568,0.76594,1.75,1.50
2016.01.25 13:12:56.888,0.76567,0.76591,1.75,1.00
2016.01.25 13:12:57.301,0.76565,0.76591,3.75,1.50
2016.01.25 13:12:59.551,0.76563,0.7659,3.00,1.37
2016.01.25 13:12:59.602,0.76563,0.76589,2.25,1.75
2016.01.25 13:13:00.468,0.76562,0.76589,1.87,2.25
2016.01.25 13:13:00.569,0.76559,0.76585,1.87,1.50
2016.01.25 13:13:01.064,0.76561,0.76587,1.37,1.50
2016.01.25 13:13:01.115,0.76562,0.76587,1.00,1.50
2016.01.25 13:13:11.592,0.76562,0.76586,1.00,1.00
2016.01.25 13:13:12.282,0.76562,0.76585,1.00,1.00
2016.01.25 13:13:13.237,0.76559,0.76585,1.75,1.75
2016.01.25 13:13:14.672,0.76556,0.76582,1.75,1.50
2016.01.25 13:13:14.723,0.76556,0.76582,1.50,2.25
2016.01.25 13:13:15.030,0.76559,0.76586,1.75,1.75
2016.01.25 13:13:18.715,0.76557,0.76583,1.75,1.00
2016.01.25 13:13:18.967,0.76557,0.76583,1.75,1.75
2016.01.25 13:13:19.954,0.76558,0.76584,1.75,1.12
2016.01.25 13:13:22.240,0.76557,0.76583,3.00,1.00
2016.01.25 13:13:22.745,0.76558,0.76584,1.75,1.12
2016.01.25 13:13:24.062,0.76562,0.76588,1.75,1.50
2016.01.25 13:13:24.934,0.76563,0.76588,1.75,1.12
2016.01.25 13:13:25.136,0.76566,0.76592,1.75,1.37
2016.01.25 13:13:25.187,0.76568,0.76593,1.75,1.12
2016.01.25 13:13:25.238,0.7657,0.76597,1.37,2.25
2016.01.25 13:13:25.577,0.76569,0.76594,1.00,1.50
2016.01.25 13:13:26.089,0.76569,0.76593,1.00,1.00
2016.01.25 13:13:26.656,0.76569,0.76592,1.00,1.00
2016.01.25 13:13:26.807,0.76569,0.7659,1.00,1.00
2016.01.25 13:13:27.650,0.76569,0.76591,1.00,1.00
2016.01.25 13:13:30.531,0.76569,0.76592,1.00,1.00
2016.01.25 13:13:31.059,0.76569,0.76591,1.00,1.00
2016.01.25 13:13:32.098,0.76569,0.76593,1.00,1.50
2016.01.25 13:13:34.371,0.76569,0.76592,1.00,1.00
2016.01.25 13:13:36.030,0.76569,0.7659,1.00,1.00
2016.01.25 13:13:36.342,0.76569,0.76592,1.00,1.00
2016.01.25 13:13:36.930,0.76569,0.76593,1.00,1.00
2016.01.25 13:13:37.183,0.7657,0.76594,1.75,1.00
2016.01.25 13:13:37.527,0.7657,0.76592,1.75,1.00
2016.01.25 13:13:38.004,0.76567,0.7659,2.25,1.00
2016.01.25 13:13:38.105,0.76567,0.7659,2.25,1.00
2016.01.25 13:13:38.699,0.76566,0.76591,1.75,1.00
2016.01.25 13:13:38.800,0.76566,0.76591,1.50,1.75
2016.01.25 13:13:39.310,0.76563,0.76588,1.75,1.00
2016.01.25 13:13:39.512,0.76562,0.76587,1.00,1.75
2016.01.25 13:13:40.013,0.7656,0.76584,2.25,1.50
2016.01.25 13:13:49.569,0.76563,0.76587,1.00,1.75
2016.01.25 13:13:49.620,0.76566,0.76587,1.00,1.00
2016.01.25 13:13:49.772,0.76566,0.7659,1.00,1.00
2016.01.25 13:13:49.822,0.76566,0.76591,1.75,1.00
2016.01.25 13:13:50.574,0.76568,0.76593,1.75,1.12
2016.01.25 13:13:51.229,0.76571,0.76594,1.75,1.00
2016.01.25 13:13:51.759,0.76571,0.76595,1.75,1.00
2016.01.25 13:13:52.264,0.76569,0.76594,1.75,1.00
2016.01.25 13:13:54.016,0.7657,0.76596,2.25,1.12
2016.01.25 13:13:54.380,0.76572,0.76594,1.50,1.00
2016.01.25 13:13:54.917,0.76572,0.76595,1.50,1.00
2016.01.25 13:13:56.359,0.76572,0.76594,1.50,1.00
2016.01.25 13:13:57.174,0.76571,0.76593,1.75,1.00
2016.01.25 13:13:59.769,0.76571,0.76593,1.12,1.12
2016.01.25 13:14:02.962,0.7657,0.76592,1.50,1.00
2016.01.25 13:14:03.491,0.76568,0.76591,1.75,1.00
2016.01.25 13:14:04.548,0.76568,0.76593,1.75,1.12
2016.01.25 13:14:05.204,0.76569,0.76592,1.75,1.00
2016.01.25 13:14:05.710,0.76571,0.76594,1.12,1.50
2016.01.25 13:14:07.619,0.76567,0.76592,1.75,1.00
2016.01.25 13:14:07.770,0.76566,0.76592,2.25,1.50
2016.01.25 13:14:10.169,0.76568,0.76593,1.75,1.00
2016.01.25 13:14:10.673,0.76568,0.76595,2.25,1.50
2016.01.25 13:14:11.547,0.76567,0.76593,2.25,1.00
2016.01.25 13:14:12.714,0.76565,0.76591,4.50,1.00
2016.01.25 13:14:13.021,0.76565,0.76588,3.00,1.00
2016.01.25 13:14:13.223,0.76565,0.76591,3.00,1.00
2016.01.25 13:14:13.275,0.76565,0.76591,1.75,1.50
2016.01.25 13:14:17.985,0.76564,0.7659,1.50,2.25
2016.01.25 13:14:25.452,0.76564,0.76586,1.50,1.00
2016.01.25 13:14:25.553,0.76561,0.76585,2.25,1.50
2016.01.25 13:14:26.455,0.76559,0.76583,1.75,1.00
2016.01.25 13:14:26.707,0.76558,0.76583,1.50,1.75
2016.01.25 13:14:27.993,0.7656,0.76585,1.00,1.75
2016.01.25 13:14:28.600,0.76559,0.76585,1.12,2.25
2016.01.25 13:14:30.085,0.76556,0.76579,1.75,1.00
2016.01.25 13:14:30.136,0.76554,0.76579,1.75,1.50
2016.01.25 13:14:33.413,0.76553,0.7658,1.37,2.17
2016.01.25 13:14:33.607,0.76552,0.76577,1.87,1.50
2016.01.25 13:14:33.758,0.76555,0.76577,1.00,1.00
2016.01.25 13:14:33.809,0.76555,0.76579,1.00,1.50
2016.01.25 13:14:35.103,0.76555,0.76576,1.00,1.00
2016.01.25 13:14:35.204,0.76555,0.76578,1.00,1.00
2016.01.25 13:14:37.983,0.76555,0.76578,1.00,1.67
2016.01.25 13:14:38.034,0.76549,0.76575,3.00,1.12
2016.01.25 13:14:45.884,0.76551,0.76578,1.75,1.00
2016.01.25 13:14:46.452,0.76553,0.7658,1.75,2.25
2016.01.25 13:14:48.068,0.76552,0.76579,1.75,2.25
2016.01.25 13:14:50.115,0.76548,0.76575,3.75,1.00
2016.01.25 13:14:50.770,0.76547,0.76575,1.75,1.75
2016.01.25 13:14:54.115,0.76546,0.76572,3.00,1.00
2016.01.25 13:14:54.322,0.76544,0.76571,2.25,1.50
2016.01.25 13:14:57.347,0.76543,0.76567,1.75,1.00
2016.01.25 13:14:57.551,0.76541,0.76567,3.00,1.37
2016.01.25 13:14:58.461,0.76545,0.76569,1.00,1.75
2016.01.25 13:14:58.512,0.76545,0.7657,1.75,1.50
2016.01.25 13:14:58.714,0.76547,0.76572,1.75,1.12
2016.01.25 13:14:59.259,0.76547,0.7657,1.75,1.00
2016.01.25 13:14:59.411,0.76547,0.7657,1.12,1.50
2016.01.25 13:15:00.175,0.76546,0.76571,1.75,1.00
2016.01.25 13:15:00.680,0.76548,0.76574,1.75,1.75
2016.01.25 13:15:01.231,0.76547,0.76573,1.50,1.75
2016.01.25 13:15:01.735,0.76548,0.76574,1.00,4.50
2016.01.25 13:15:02.020,0.76548,0.76574,2.25,1.75
2016.01.25 13:15:02.122,0.76548,0.76574,2.25,1.37
2016.01.25 13:15:02.224,0.7655,0.76574,1.75,1.00
2016.01.25 13:15:02.987,0.76549,0.76576,1.75,1.50
2016.01.25 13:15:03.898,0.76555,0.76576,1.00,1.00
2016.01.25 13:15:07.070,0.76555,0.76577,1.00,1.00
2016.01.25 13:15:07.372,0.7655,0.76575,1.75,1.12
2016.01.25 13:15:07.423,0.7655,0.76575,1.75,1.50
2016.01.25 13:15:08.051,0.76548,0.76573,1.75,1.00
2016.01.25 13:15:09.512,0.76547,0.7657,2.25,1.00
2016.01.25 13:15:10.330,0.76547,0.76571,2.25,1.00
2016.01.25 13:15:10.432,0.76551,0.76573,1.50,1.00
2016.01.25 13:15:10.936,0.76551,0.76575,1.50,1.50
2016.01.25 13:15:16.145,0.76555,0.76576,1.00,1.75
2016.01.25 13:15:16.901,0.76556,0.76576,1.00,1.75
2016.01.25 13:15:17.370,0.76554,0.76576,1.00,1.75
2016.01.25 13:15:17.774,0.76555,0.76579,1.12,2.25
2016.01.25 13:15:18.026,0.76554,0.76575,1.50,1.00
2016.01.25 13:15:18.450,0.76552,0.76574,1.12,1.12
2016.01.25 13:15:19.973,0.76552,0.76573,1.12,1.00
2016.01.25 13:15:20.663,0.7655,0.76573,1.12,1.37
2016.01.25 13:15:20.876,0.76549,0.76572,1.75,1.00
2016.01.25 13:15:23.711,0.76549,0.76571,1.75,1.00
2016.01.25 13:15:24.188,0.76548,0.76573,1.75,1.12
2016.01.25 13:15:25.347,0.7655,0.76572,1.50,1.00
2016.01.25 13:15:25.901,0.7655,0.76574,1.50,1.50
2016.01.25 13:15:26.514,0.76552,0.76575,1.00,1.75
2016.01.25 13:15:26.790,0.76552,0.76576,1.75,1.12
2016.01.25 13:15:28.259,0.76553,0.76575,1.50,1.00
2016.01.25 13:15:28.461,0.76556,0.76576,1.00,1.12
2016.01.25 13:15:28.562,0.76554,0.76577,1.12,1.50
2016.01.25 13:15:33.305,0.76549,0.76575,1.37,1.75
2016.01.25 13:15:33.708,0.76549,0.76575,1.75,1.87
2016.01.25 13:15:36.948,0.76554,0.7658,1.00,1.75
2016.01.25 13:15:37.601,0.76553,0.76578,1.12,1.75
2016.01.25 13:15:38.607,0.76554,0.76575,1.00,1.12
2016.01.25 13:15:39.999,0.76553,0.76576,1.12,1.50
2016.01.25 13:15:40.554,0.76556,0.76579,1.00,1.75
2016.01.25 13:15:40.725,0.76556,0.7658,1.12,1.75
2016.01.25 13:15:44.446,0.76557,0.76579,1.00,1.50
2016.01.25 13:15:44.962,0.76556,0.76579,1.12,1.50
2016.01.25 13:15:46.265,0.76555,0.76579,1.75,1.00
2016.01.25 13:15:47.489,0.76558,0.76579,1.75,1.00
2016.01.25 13:15:47.540,0.76559,0.76585,2.25,1.12
2016.01.25 13:15:48.347,0.76563,0.76587,1.75,1.00
2016.01.25 13:15:49.044,0.76567,0.76587,1.00,1.00
2016.01.25 13:15:49.889,0.76567,0.76588,1.00,1.12
2016.01.25 13:15:50.404,0.76566,0.76588,1.00,1.12
2016.01.25 13:15:51.708,0.76565,0.76589,1.12,1.50
2016.01.25 13:15:52.465,0.76566,0.76589,1.00,1.50
2016.01.25 13:15:52.970,0.76565,0.76589,1.12,1.50
2016.01.25 13:15:53.588,0.76566,0.76589,1.00,1.50
2016.01.25 13:15:53.891,0.76565,0.76585,1.00,1.12
2016.01.25 13:15:54.190,0.76563,0.76585,1.12,1.12
2016.01.25 13:15:54.637,0.76561,0.76584,1.00,1.75
2016.01.25 13:15:54.896,0.76559,0.76584,1.12,1.75
2016.01.25 13:15:55.447,0.7656,0.76584,1.00,1.75
2016.01.25 13:15:57.050,0.76559,0.76584,1.12,1.75
2016.01.25 13:15:58.603,0.7656,0.76584,1.00,1.75
2016.01.25 13:15:58.704,0.76562,0.76584,1.00,1.75
2016.01.25 13:15:59.276,0.76561,0.76584,1.00,1.75
2016.01.25 13:15:59.730,0.76559,0.76584,1.12,1.75
2016.01.25 13:16:00.375,0.76561,0.76586,1.00,1.75
2016.01.25 13:16:00.679,0.76563,0.76588,1.37,1.75
2016.01.25 13:16:00.780,0.76564,0.76588,1.12,1.75
2016.01.25 13:16:01.284,0.7656,0.76585,1.75,1.00
2016.01.25 13:16:01.542,0.7656,0.76584,1.00,1.00
2016.01.25 13:16:02.050,0.76561,0.76584,1.00,1.00
2016.01.25 13:16:02.560,0.7656,0.76587,1.75,2.25
2016.01.25 13:16:02.712,0.7656,0.76587,1.00,3.75
2016.01.25 13:16:03.229,0.76559,0.76584,1.12,1.75
2016.01.25 13:16:04.200,0.7656,0.76585,1.00,1.75
2016.01.25 13:16:04.747,0.76559,0.76584,1.12,1.75
2016.01.25 13:16:05.386,0.7656,0.76587,1.00,4.50
2016.01.25 13:16:05.865,0.76555,0.76579,1.75,1.00
2016.01.25 13:16:05.916,0.76555,0.76579,1.12,1.75
2016.01.25 13:16:06.221,0.76554,0.76578,1.00,1.75
2016.01.25 13:16:06.726,0.76553,0.76577,1.00,1.75
2016.01.25 13:16:08.602,0.76553,0.76573,1.00,1.00
2016.01.25 13:16:09.572,0.76553,0.76574,1.00,1.12
2016.01.25 13:16:09.875,0.76555,0.76575,1.00,1.50
2016.01.25 13:16:13.128,0.76556,0.76575,1.00,1.50
2016.01.25 13:16:13.479,0.76553,0.76574,1.00,1.12
2016.01.25 13:16:14.233,0.76555,0.76574,1.00,1.12
2016.01.25 13:16:14.788,0.76556,0.76576,1.00,1.75
2016.01.25 13:16:15.091,0.76551,0.76576,1.50,1.75
2016.01.25 13:16:15.242,0.76551,0.76577,2.25,1.12
2016.01.25 13:16:20.425,0.76555,0.76579,1.50,1.37
2016.01.25 13:16:20.728,0.76555,0.76579,1.12,2.25
2016.01.25 13:16:23.326,0.7656,0.76578,1.00,1.50
2016.01.25 13:16:23.477,0.7656,0.76579,1.00,1.00
2016.01.25 13:16:23.869,0.76555,0.76578,2.25,1.00
2016.01.25 13:16:23.920,0.76555,0.7658,2.25,1.12
2016.01.25 13:16:26.022,0.76554,0.76579,2.25,1.00
2016.01.25 13:16:26.339,0.76554,0.76577,1.37,1.12
2016.01.25 13:16:26.390,0.76554,0.76577,1.12,1.50
2016.01.25 13:16:26.491,0.76553,0.7657,1.50,1.50
2016.01.25 13:16:26.694,0.76543,0.76564,1.50,1.00
2016.01.25 13:16:26.886,0.7654,0.76564,1.50,1.50
2016.01.25 13:16:27.394,0.7654,0.76563,1.00,1.00
2016.01.25 13:16:28.033,0.76541,0.76564,1.00,1.50
2016.01.25 13:16:28.549,0.7654,0.76563,1.00,1.00
2016.01.25 13:16:29.250,0.7654,0.76564,1.00,1.50
2016.01.25 13:16:30.156,0.76542,0.76564,1.00,1.00
2016.01.25 13:16:31.058,0.7654,0.76564,3.00,1.00
2016.01.25 13:16:33.343,0.76541,0.76564,1.00,1.50
2016.01.25 13:16:34.254,0.76543,0.76564,1.00,1.50
2016.01.25 13:16:34.922,0.76542,0.76564,1.00,1.50
2016.01.25 13:16:35.463,0.76543,0.76564,1.00,1.50
2016.01.25 13:16:35.716,0.76544,0.76566,1.00,1.00
2016.01.25 13:16:35.908,0.76547,0.76571,1.37,1.75
2016.01.25 13:16:35.959,0.76547,0.76571,1.50,1.50
2016.01.25 13:16:36.464,0.76547,0.76572,2.25,1.37
2016.01.25 13:16:36.515,0.7655,0.76572,1.00,1.00
2016.01.25 13:16:37.032,0.7655,0.76573,1.00,1.00
2016.01.25 13:16:37.083,0.7655,0.76573,1.50,1.00
2016.01.25 13:16:37.134,0.76551,0.76575,1.75,1.00
2016.01.25 13:16:37.714,0.76551,0.76576,1.75,1.12
2016.01.25 13:16:39.482,0.76554,0.76579,2.25,1.00
2016.01.25 13:16:40.647,0.76553,0.76578,2.25,1.00
2016.01.25 13:16:41.200,0.76552,0.76577,4.50,1.00
2016.01.25 13:16:42.377,0.76554,0.76576,1.50,1.00
2016.01.25 13:16:42.428,0.76554,0.76576,1.50,1.00
2016.01.25 13:16:42.960,0.76555,0.76579,1.12,1.75
2016.01.25 13:16:44.524,0.76557,0.76579,1.00,1.50
2016.01.25 13:16:45.028,0.76557,0.7658,1.00,1.00
2016.01.25 13:16:45.771,0.76557,0.76579,1.00,1.00
2016.01.25 13:16:46.122,0.76558,0.7658,1.75,1.00
2016.01.25 13:16:46.692,0.76559,0.76581,1.75,1.00
2016.01.25 13:16:46.895,0.7656,0.76583,1.50,1.12
2016.01.25 13:16:46.996,0.7656,0.76583,1.75,1.12
2016.01.25 13:16:47.148,0.76557,0.76581,1.12,1.75
2016.01.25 13:16:47.659,0.76555,0.7658,1.87,1.75
2016.01.25 13:16:47.714,0.76552,0.76578,1.37,2.25
2016.01.25 13:16:48.218,0.76552,0.76574,1.37,1.00
2016.01.25 13:16:48.735,0.7655,0.76574,1.00,1.75
2016.01.25 13:16:48.839,0.76548,0.76572,2.62,1.75
2016.01.25 13:16:49.390,0.76549,0.76572,1.00,1.75
2016.01.25 13:16:50.060,0.76548,0.76573,1.87,1.75
2016.01.25 13:16:51.712,0.76547,0.7657,1.37,1.50
2016.01.25 13:16:51.813,0.76546,0.7657,1.00,1.75
2016.01.25 13:16:51.916,0.76546,0.76567,1.00,1.50
2016.01.25 13:16:52.117,0.76539,0.76564,1.87,3.00
2016.01.25 13:16:52.173,0.76539,0.76562,1.12,1.37
2016.01.25 13:16:52.224,0.76537,0.76562,1.37,1.75
2016.01.25 13:16:52.275,0.76537,0.76562,1.00,1.75
2016.01.25 13:16:52.779,0.76536,0.7656,1.12,2.25
2016.01.25 13:16:53.032,0.76534,0.7656,1.37,1.75
2016.01.25 13:16:53.193,0.76533,0.76558,1.75,1.12
2016.01.25 13:16:53.446,0.76531,0.76557,1.75,1.75
2016.01.25 13:16:53.749,0.76535,0.76559,1.00,1.75
2016.01.25 13:16:54.356,0.76531,0.76557,1.75,1.75
2016.01.25 13:16:54.861,0.76534,0.76559,1.00,1.75
2016.01.25 13:16:55.450,0.76535,0.76561,1.00,3.00
2016.01.25 13:16:56.196,0.76535,0.76561,2.25,2.25
2016.01.25 13:17:12.266,0.76534,0.76561,3.00,1.75
2016.01.25 13:17:14.104,0.76534,0.76559,1.87,1.50
2016.01.25 13:17:14.155,0.76534,0.76559,1.87,1.75
2016.01.25 13:17:18.538,0.76535,0.76559,1.00,1.75
2016.01.25 13:17:18.639,0.7654,0.76559,1.00,1.37
2016.01.25 13:17:18.870,0.76543,0.76567,1.12,1.75
2016.01.25 13:17:18.971,0.76543,0.76566,1.12,1.50
2016.01.25 13:17:19.529,0.76544,0.76569,1.00,1.75
2016.01.25 13:17:20.220,0.76545,0.76569,1.00,1.75
2016.01.25 13:17:20.523,0.76543,0.76567,1.12,1.75
2016.01.25 13:17:20.775,0.76541,0.76567,1.37,2.25
2016.01.25 13:17:20.927,0.76542,0.76568,1.00,2.25
2016.01.25 13:17:20.978,0.76545,0.76568,1.12,1.75
2016.01.25 13:17:21.200,0.76543,0.76568,1.75,2.25
2016.01.25 13:17:35.169,0.76548,0.76571,1.00,1.75
2016.01.25 13:17:35.270,0.76546,0.76571,1.75,1.12
2016.01.25 13:17:38.920,0.76546,0.76569,1.50,1.37
2016.01.25 13:17:38.971,0.76546,0.76569,1.12,1.50
2016.01.25 13:17:39.245,0.76545,0.7657,1.37,2.25
2016.01.25 13:17:39.548,0.76543,0.7657,1.87,3.00
2016.01.25 13:17:40.103,0.76542,0.76565,1.12,1.37
2016.01.25 13:17:40.468,0.7654,0.76565,1.50,2.25
2016.01.25 13:17:43.884,0.76542,0.76566,1.00,1.75
2016.01.25 13:17:44.086,0.76542,0.76565,1.12,1.37
2016.01.25 13:17:46.928,0.76545,0.76567,1.00,1.75
2016.01.25 13:17:47.473,0.76546,0.76569,1.00,1.75
2016.01.25 13:17:47.625,0.76547,0.76571,1.12,1.75
2016.01.25 13:17:47.676,0.76547,0.76571,1.12,1.75
2016.01.25 13:17:47.827,0.76551,0.76574,1.00,1.75
2016.01.25 13:17:47.878,0.76551,0.76574,1.00,1.75
2016.01.25 13:17:48.029,0.76551,0.76576,1.87,1.75
2016.01.25 13:17:48.080,0.76551,0.76575,2.25,1.12
2016.01.25 13:17:48.499,0.76556,0.76578,1.12,1.12
2016.01.25 13:17:49.781,0.76555,0.76577,1.12,1.37
2016.01.25 13:17:49.832,0.76553,0.76576,1.00,1.00
2016.01.25 13:17:49.933,0.76555,0.76576,1.00,1.00
2016.01.25 13:17:50.034,0.76553,0.76576,1.00,1.00
2016.01.25 13:17:51.131,0.76552,0.76576,1.50,1.50
2016.01.25 13:17:52.348,0.76552,0.76578,2.25,1.50
2016.01.25 13:17:52.399,0.76552,0.76578,2.25,1.12
2016.01.25 13:17:54.190,0.76552,0.76577,2.25,1.00
2016.01.25 13:17:55.394,0.76552,0.76577,1.50,1.37
2016.01.25 13:17:55.445,0.76552,0.76577,1.50,1.75
2016.01.25 13:18:00.346,0.76555,0.7658,1.00,1.75
2016.01.25 13:18:00.497,0.76554,0.7658,1.75,1.50
2016.01.25 13:18:03.103,0.76555,0.76582,3.00,1.87
2016.01.25 13:18:03.154,0.76556,0.76582,1.75,1.12
2016.01.25 13:18:04.009,0.76556,0.7658,1.50,1.12
2016.01.25 13:18:04.111,0.76555,0.76578,2.25,1.00
2016.01.25 13:18:04.411,0.76555,0.7658,2.25,1.12
2016.01.25 13:18:04.813,0.76555,0.7658,2.25,1.75
2016.01.25 13:18:05.167,0.7656,0.76581,1.00,1.75
2016.01.25 13:18:05.419,0.7656,0.76582,1.12,1.12
2016.01.25 13:18:06.311,0.76557,0.76581,2.25,1.00
2016.01.25 13:18:07.223,0.76558,0.76582,1.75,1.12
2016.01.25 13:18:08.396,0.76557,0.76581,2.25,1.00
2016.01.25 13:18:08.618,0.76557,0.76578,2.25,1.00
2016.01.25 13:18:08.719,0.76557,0.7658,1.00,1.75
2016.01.25 13:18:09.507,0.76558,0.7658,1.00,1.75
2016.01.25 13:18:11.141,0.76557,0.76579,1.50,1.50
2016.01.25 13:18:12.434,0.76555,0.76578,2.25,1.12
2016.01.25 13:18:13.907,0.76557,0.7658,1.00,1.75
2016.01.25 13:18:14.014,0.76559,0.7658,1.00,1.75
2016.01.25 13:18:16.448,0.7656,0.76581,1.00,1.75
2016.01.25 13:18:16.651,0.7656,0.76582,1.00,1.50
2016.01.25 13:18:17.185,0.76565,0.76582,1.00,1.00
2016.01.25 13:18:17.236,0.76565,0.76588,1.00,1.75
2016.01.25 13:18:17.337,0.76565,0.76585,1.75,1.00
2016.01.25 13:18:17.438,0.76565,0.76585,1.00,1.12
2016.01.25 13:18:18.287,0.76565,0.76588,1.00,2.25
2016.01.25 13:18:33.467,0.76565,0.76587,1.12,1.00
2016.01.25 13:18:34.102,0.76565,0.76591,1.75,1.87
2016.01.25 13:18:37.917,0.76565,0.7659,1.37,1.50
2016.01.25 13:18:38.018,0.76565,0.7659,1.00,1.75
2016.01.25 13:18:38.520,0.76564,0.7659,1.87,1.75
2016.01.25 13:18:38.823,0.76563,0.76586,1.87,1.50
2016.01.25 13:18:39.125,0.76556,0.76578,1.00,1.75
2016.01.25 13:18:39.653,0.76555,0.76577,1.00,1.75
2016.01.25 13:18:40.467,0.76555,0.76579,1.50,1.50
2016.01.25 13:18:43.294,0.76555,0.76577,2.25,1.00
2016.01.25 13:18:43.597,0.76555,0.76575,1.00,1.00
2016.01.25 13:18:43.799,0.76553,0.76575,1.00,1.00
2016.01.25 13:18:44.356,0.76552,0.76575,2.25,1.00
2016.01.25 13:18:45.610,0.76552,0.76575,1.00,1.75
2016.01.25 13:18:48.191,0.7655,0.76573,1.12,1.37
2016.01.25 13:18:48.242,0.7655,0.76572,1.00,1.75
2016.01.25 13:18:48.705,0.76552,0.76573,1.00,1.75
2016.01.25 13:18:48.755,0.7655,0.76573,1.00,1.75
2016.01.25 13:18:49.641,0.7655,0.76572,1.12,1.12
2016.01.25 13:18:49.975,0.76552,0.76572,1.00,1.12
2016.01.25 13:18:51.202,0.76552,0.76571,1.00,1.00
2016.01.25 13:18:51.404,0.7655,0.76572,1.87,1.12
2016.01.25 13:18:51.506,0.76552,0.76572,1.00,1.12
2016.01.25 13:18:52.379,0.7655,0.76573,1.87,1.50
2016.01.25 13:18:52.480,0.76552,0.76573,1.00,1.50
2016.01.25 13:18:54.371,0.7655,0.76572,1.87,1.12
2016.01.25 13:18:54.705,0.76552,0.76573,1.00,1.50
2016.01.25 13:18:55.223,0.76553,0.76573,1.00,1.50
2016.01.25 13:18:55.274,0.76551,0.76573,1.00,1.50
2016.01.25 13:18:56.694,0.7655,0.76572,1.87,1.12
2016.01.25 13:18:57.685,0.7655,0.76571,1.87,1.00
2016.01.25 13:18:58.876,0.7655,0.76572,1.87,1.12
2016.01.25 13:19:01.652,0.7655,0.76571,1.87,1.00
2016.01.25 13:19:01.954,0.7655,0.7657,1.00,1.37
2016.01.25 13:19:02.200,0.76548,0.76569,1.00,1.12
2016.01.25 13:19:02.707,0.76547,0.76569,1.87,1.12
2016.01.25 13:19:03.266,0.76548,0.76569,1.00,1.12
2016.01.25 13:19:03.861,0.76548,0.76568,1.00,1.00
2016.01.25 13:19:05.733,0.76548,0.76569,1.00,1.12
2016.01.25 13:19:06.932,0.76547,0.76569,1.87,1.12
2016.01.25 13:19:06.983,0.76547,0.76569,1.00,1.75
2016.01.25 13:19:07.325,0.76545,0.76569,1.50,1.75
2016.01.25 13:19:07.694,0.76548,0.76567,1.00,1.50
2016.01.25 13:19:08.093,0.76547,0.76566,1.00,1.50
2016.01.25 13:19:08.205,0.76544,0.76564,1.00,1.12
2016.01.25 13:19:08.826,0.76543,0.76566,1.00,1.50
2016.01.25 13:19:10.671,0.76544,0.76566,1.00,1.50
2016.01.25 13:19:10.871,0.76542,0.76565,1.00,1.37
2016.01.25 13:19:10.972,0.76541,0.76565,1.12,1.75
2016.01.25 13:19:11.490,0.7654,0.76564,1.50,1.75
2016.01.25 13:19:11.829,0.76543,0.76563,1.00,1.75
2016.01.25 13:19:13.482,0.76543,0.76565,1.12,1.12
2016.01.25 13:19:15.186,0.76541,0.76563,1.75,1.00
2016.01.25 13:19:16.589,0.76542,0.76564,1.50,1.00
2016.01.25 13:19:17.386,0.7654,0.76563,3.00,1.00
2016.01.25 13:19:17.501,0.7654,0.76565,3.00,1.12
2016.01.25 13:19:18.005,0.76541,0.76564,1.00,1.75
2016.01.25 13:19:18.509,0.76539,0.76562,1.50,1.12
2016.01.25 13:19:18.813,0.76538,0.76561,1.50,1.75
2016.01.25 13:19:19.116,0.7654,0.76562,1.50,1.75
2016.01.25 13:19:19.318,0.76541,0.76562,1.00,1.50
2016.01.25 13:19:20.112,0.76543,0.76563,1.00,1.75
2016.01.25 13:19:20.422,0.76543,0.76564,1.00,1.12
2016.01.25 13:19:20.703,0.76542,0.76563,1.00,1.75
2016.01.25 13:19:20.754,0.7654,0.76563,1.50,1.75
2016.01.25 13:19:21.284,0.76539,0.76561,1.12,1.12
2016.01.25 13:19:21.536,0.76542,0.76561,1.00,1.12
2016.01.25 13:19:22.183,0.76541,0.76562,1.00,1.50
2016.01.25 13:19:24.958,0.7654,0.76563,1.50,1.75
2016.01.25 13:19:25.464,0.76539,0.76562,1.87,1.50
2016.01.25 13:19:27.426,0.76536,0.7656,2.25,1.00
2016.01.25 13:19:27.629,0.76536,0.7656,1.87,1.75
2016.01.25 13:19:32.689,0.76535,0.76557,1.50,1.00
2016.01.25 13:19:33.193,0.76535,0.76558,1.50,1.12
2016.01.25 13:19:33.344,0.76535,0.76556,1.50,1.00
2016.01.25 13:19:33.848,0.76535,0.76555,1.00,1.12
2016.01.25 13:19:35.326,0.76531,0.76555,2.25,1.12
2016.01.25 13:19:35.478,0.76531,0.76555,1.00,1.75
2016.01.25 13:19:36.023,0.76531,0.76555,1.12,1.75
2016.01.25 13:19:36.477,0.76529,0.76552,1.00,1.75
2016.01.25 13:19:36.966,0.76525,0.76548,1.75,1.00
2016.01.25 13:19:37.268,0.76525,0.76545,1.00,1.12
2016.01.25 13:19:37.832,0.76522,0.76546,1.50,1.50
2016.01.25 13:19:38.085,0.76525,0.76546,1.50,1.00
2016.01.25 13:19:38.186,0.76525,0.76548,1.50,1.12
2016.01.25 13:19:38.237,0.76528,0.76548,1.00,1.12
2016.01.25 13:19:38.288,0.76528,0.76552,1.50,1.50
2016.01.25 13:19:38.389,0.76528,0.76554,1.75,1.87
2016.01.25 13:19:40.140,0.7653,0.76553,1.75,1.00
2016.01.25 13:19:40.642,0.76529,0.76554,2.25,1.12
2016.01.25 13:19:41.355,0.76528,0.76553,2.25,1.00
2016.01.25 13:19:43.003,0.76528,0.76553,2.25,1.75
2016.01.25 13:19:43.406,0.76528,0.76551,1.75,1.00
2016.01.25 13:19:43.720,0.76526,0.76547,1.87,1.50
2016.01.25 13:19:43.771,0.76524,0.76549,2.25,2.25
2016.01.25 13:19:45.217,0.76525,0.76546,1.12,1.00
2016.01.25 13:19:45.883,0.76525,0.76545,1.12,1.00
2016.01.25 13:19:46.505,0.76525,0.76546,1.12,1.00
2016.01.25 13:19:47.190,0.76525,0.76545,1.12,1.00
2016.01.25 13:19:47.733,0.76525,0.76546,1.12,1.00
2016.01.25 13:19:48.266,0.76521,0.76545,2.25,1.00
2016.01.25 13:19:48.830,0.76521,0.76546,2.25,1.00
2016.01.25 13:19:49.361,0.76521,0.76545,2.25,1.00
2016.01.25 13:19:51.722,0.7652,0.76544,2.25,1.12
2016.01.25 13:19:55.552,0.76523,0.76546,1.00,1.75
2016.01.25 13:19:55.733,0.76525,0.76548,1.00,1.75
2016.01.25 13:19:55.786,0.76525,0.76548,1.00,1.50
2016.01.25 13:19:57.401,0.76525,0.76551,2.62,1.50
2016.01.25 13:19:57.452,0.76525,0.76551,3.00,1.50
2016.01.25 13:19:57.502,0.76528,0.76551,1.37,1.37
2016.01.25 13:19:57.553,0.76528,0.76552,1.75,1.12
2016.01.25 13:19:57.893,0.76528,0.76553,1.75,1.12
2016.01.25 13:19:58.405,0.76528,0.76551,1.75,1.00
2016.01.25 13:19:58.556,0.76525,0.76549,3.00,1.00
2016.01.25 13:19:58.607,0.76528,0.76552,1.37,1.37
2016.01.25 13:19:59.142,0.76532,0.76556,1.75,1.00
2016.01.25 13:20:00.043,0.76532,0.76558,1.75,1.50
2016.01.25 13:20:00.715,0.76535,0.76559,1.37,1.37
2016.01.25 13:20:00.817,0.76536,0.76563,2.25,2.25
2016.01.25 13:20:01.222,0.76538,0.7656,1.75,1.00
2016.01.25 13:20:01.324,0.76538,0.76559,1.12,1.00
2016.01.25 13:20:01.849,0.76535,0.76562,2.25,2.25
2016.01.25 13:20:05.645,0.76539,0.76564,1.00,2.25
2016.01.25 13:20:06.636,0.7654,0.76564,1.00,1.75
2016.01.25 13:20:07.225,0.76549,0.76565,1.00,1.37
2016.01.25 13:20:07.276,0.76551,0.76567,1.00,1.12
2016.01.25 13:20:07.428,0.76541,0.76566,3.75,1.00
2016.01.25 13:20:07.580,0.76541,0.76564,1.75,1.00
2016.01.25 13:20:07.630,0.7654,0.76562,1.50,1.00
2016.01.25 13:20:07.681,0.7654,0.76562,1.50,1.00
2016.01.25 13:20:09.766,0.7654,0.76562,1.00,1.50
2016.01.25 13:20:10.929,0.76539,0.76564,1.00,2.25
2016.01.25 13:20:11.443,0.7654,0.76562,1.00,1.50
2016.01.25 13:20:11.696,0.76538,0.76562,1.12,1.50
2016.01.25 13:20:11.848,0.76536,0.76558,1.00,1.00
2016.01.25 13:20:12.261,0.76538,0.76558,1.00,1.00
2016.01.25 13:20:12.563,0.7654,0.76561,1.00,1.50
2016.01.25 13:20:12.715,0.76538,0.76561,1.12,1.50
2016.01.25 13:20:13.326,0.76539,0.76562,1.00,1.75
2016.01.25 13:20:13.832,0.76538,0.76561,1.12,1.50
2016.01.25 13:20:17.026,0.76535,0.76559,1.75,1.00
2016.01.25 13:20:17.077,0.76535,0.76558,1.00,1.00
2016.01.25 13:20:17.635,0.76534,0.76557,1.00,1.00
2016.01.25 13:20:18.148,0.76534,0.76556,1.00,1.00
2016.01.25 13:20:18.300,0.7653,0.76555,2.25,1.50
2016.01.25 13:20:19.434,0.76533,0.76557,1.00,1.75
2016.01.25 13:20:19.585,0.76533,0.76558,1.75,1.12
2016.01.25 13:20:19.787,0.76536,0.76559,1.75,1.00
2016.01.25 13:20:20.304,0.76537,0.7656,1.75,1.00
2016.01.25 13:20:20.809,0.76536,0.76561,2.25,1.12
2016.01.25 13:20:21.316,0.76536,0.7656,1.00,1.75
2016.01.25 13:20:21.529,0.76536,0.7656,1.75,1.12
2016.01.25 13:20:22.197,0.76535,0.76559,1.75,1.00
2016.01.25 13:20:22.298,0.76535,0.76557,1.75,1.00
2016.01.25 13:20:22.399,0.76535,0.76556,1.00,1.12
2016.01.25 13:20:22.702,0.76534,0.76558,1.75,1.00
2016.01.25 13:20:22.954,0.76535,0.7656,2.25,1.12
2016.01.25 13:20:23.190,0.76538,0.76562,1.37,1.37
2016.01.25 13:20:23.240,0.76538,0.76564,2.25,1.87
2016.01.25 13:20:23.291,0.76541,0.76564,1.50,1.00
2016.01.25 13:20:23.795,0.7654,0.76565,2.25,1.50
2016.01.25 13:20:24.252,0.7654,0.76565,2.25,2.25
2016.01.25 13:20:29.756,0.7654,0.76562,2.25,1.00
2016.01.25 13:20:30.291,0.7654,0.76564,1.00,1.75
2016.01.25 13:20:31.445,0.76539,0.76565,1.87,1.75
2016.01.25 13:20:34.541,0.76539,0.76561,1.00,2.25
2016.01.25 13:20:34.592,0.76536,0.76558,1.00,1.75
2016.01.25 13:20:34.828,0.7653,0.76554,1.75,1.12
2016.01.25 13:20:35.030,0.76528,0.76552,1.37,1.37
2016.01.25 13:20:35.554,0.7653,0.76552,1.00,1.37
2016.01.25 13:20:36.058,0.76527,0.76552,1.50,1.37
2016.01.25 13:20:40.035,0.76535,0.76551,1.00,1.87
2016.01.25 13:20:40.187,0.76535,0.76557,1.50,1.75
2016.01.25 13:20:40.389,0.76535,0.76559,1.75,1.00
2016.01.25 13:20:40.490,0.76535,0.76559,1.12,1.75
2016.01.25 13:20:41.742,0.76535,0.7656,1.50,1.87
2016.01.25 13:20:41.792,0.76535,0.7656,1.75,1.87
2016.01.25 13:20:44.612,0.76536,0.76559,1.50,1.00
2016.01.25 13:20:44.663,0.76535,0.76559,1.12,1.75
2016.01.25 13:20:44.972,0.76527,0.76551,1.75,1.12
2016.01.25 13:20:45.816,0.76526,0.76549,1.00,1.50
2016.01.25 13:20:46.326,0.76521,0.76545,1.75,1.00
2016.01.25 13:20:46.779,0.76522,0.76547,1.75,1.87
2016.01.25 13:20:48.977,0.76522,0.76546,1.75,1.00
2016.01.25 13:20:49.522,0.76522,0.76548,1.75,1.87
2016.01.25 13:20:58.109,0.76525,0.7655,1.50,1.37
2016.01.25 13:20:58.159,0.76525,0.76551,2.25,1.12
2016.01.25 13:20:58.569,0.76535,0.76555,1.00,1.50
2016.01.25 13:20:58.671,0.76535,0.7656,1.75,1.00
2016.01.25 13:20:59.176,0.76537,0.76562,1.75,1.50
2016.01.25 13:21:00.222,0.76535,0.76559,1.50,1.50
2016.01.25 13:21:00.568,0.76531,0.76555,1.75,1.12
2016.01.25 13:21:00.922,0.7653,0.76554,2.25,1.37
2016.01.25 13:21:01.023,0.7653,0.76555,1.87,1.75
2016.01.25 13:21:02.090,0.76526,0.76551,1.75,1.00
2016.01.25 13:21:02.747,0.76527,0.76552,1.75,1.12
2016.01.25 13:21:03.971,0.76528,0.76551,1.75,1.00
2016.01.25 13:21:04.475,0.76527,0.76552,2.25,1.12
2016.01.25 13:21:09.374,0.76532,0.76555,1.00,1.75
2016.01.25 13:21:09.425,0.76532,0.76557,1.75,1.50
2016.01.25 13:21:09.476,0.76533,0.76557,1.50,1.00
2016.01.25 13:21:09.678,0.76536,0.76561,1.75,1.87
2016.01.25 13:21:09.880,0.76537,0.76563,2.25,1.50
2016.01.25 13:21:09.931,0.76538,0.76563,1.75,1.12
2016.01.25 13:21:16.270,0.76542,0.76568,1.00,2.25
2016.01.25 13:21:16.371,0.76542,0.76568,1.87,1.75
2016.01.25 13:21:16.422,0.76542,0.76568,2.25,1.75
2016.01.25 13:21:16.675,0.76542,0.76566,1.37,1.37
2016.01.25 13:21:16.826,0.7654,0.76566,1.37,1.75
2016.01.25 13:21:19.284,0.76542,0.76568,1.00,2.25
2016.01.25 13:21:20.161,0.76541,0.76568,1.87,2.25
2016.01.25 13:21:21.800,0.76543,0.76569,1.00,3.75
2016.01.25 13:21:21.952,0.76543,0.76569,1.75,1.75
2016.01.25 13:21:27.077,0.76544,0.7657,1.50,1.50
2016.01.25 13:21:27.179,0.76544,0.7657,2.25,1.12
2016.01.25 13:21:31.347,0.76543,0.76569,1.75,1.00
2016.01.25 13:21:31.857,0.76543,0.76568,1.75,1.00
2016.01.25 13:21:32.021,0.76549,0.76571,1.37,1.00
2016.01.25 13:21:32.072,0.76549,0.76574,1.75,1.12
2016.01.25 13:21:32.662,0.76552,0.76574,1.50,1.12
2016.01.25 13:21:32.814,0.76546,0.76571,1.75,1.12
2016.01.25 13:21:33.116,0.76548,0.76575,1.75,1.50
2016.01.25 13:21:33.489,0.7655,0.76572,1.50,1.00
2016.01.25 13:21:33.591,0.76545,0.7657,1.75,1.12
2016.01.25 13:21:33.692,0.76545,0.76568,1.50,1.00
2016.01.25 13:21:34.591,0.76545,0.76565,1.00,1.87
2016.01.25 13:21:34.692,0.76545,0.76567,1.00,1.75
2016.01.25 13:21:34.996,0.76545,0.76571,2.25,1.75
2016.01.25 13:21:35.148,0.76545,0.76572,3.00,1.37
2016.01.25 13:21:35.199,0.76549,0.76574,1.75,1.50
2016.01.25 13:21:35.250,0.76549,0.76574,1.75,1.37
2016.01.25 13:21:35.301,0.76552,0.76575,1.75,1.00
2016.01.25 13:21:35.823,0.76551,0.76577,1.75,1.50
2016.01.25 13:21:36.344,0.7655,0.76575,1.75,1.50
2016.01.25 13:21:36.395,0.7655,0.76575,1.50,2.25
2016.01.25 13:21:39.801,0.76547,0.76568,1.00,1.00
2016.01.25 13:21:39.852,0.76545,0.76568,1.50,1.00
2016.01.25 13:21:40.510,0.76546,0.76568,1.00,1.00
2016.01.25 13:21:42.783,0.76545,0.76568,1.50,1.00
2016.01.25 13:21:43.906,0.76545,0.76568,1.00,1.50
2016.01.25 13:21:43.956,0.76542,0.76568,1.00,1.75
2016.01.25 13:21:44.531,0.7654,0.76565,2.25,1.75
2016.01.25 13:21:45.903,0.7654,0.76563,1.87,1.50
2016.01.25 13:21:46.056,0.76541,0.76564,1.00,1.75
2016.01.25 13:21:46.579,0.7654,0.76564,1.87,1.75
2016.01.25 13:21:47.208,0.76542,0.76567,1.37,1.50
2016.01.25 13:21:47.259,0.76542,0.76567,1.75,1.50
2016.01.25 13:21:48.138,0.76541,0.76566,1.87,1.75
2016.01.25 13:21:48.893,0.7654,0.76564,1.37,1.75
2016.01.25 13:21:49.428,0.7654,0.76565,1.50,1.75
2016.01.25 13:21:50.005,0.76539,0.76565,2.25,2.25
2016.01.25 13:21:50.412,0.76539,0.7656,1.00,1.75
2016.01.25 13:21:50.463,0.76534,0.76558,1.12,1.75
2016.01.25 13:21:50.514,0.76534,0.76557,1.12,1.75
2016.01.25 13:21:50.615,0.76532,0.76554,1.00,1.50
2016.01.25 13:21:50.717,0.7653,0.76551,1.50,1.00
2016.01.25 13:21:50.869,0.76527,0.7655,1.50,1.75
2016.01.25 13:21:51.381,0.76526,0.76549,1.12,1.50
2016.01.25 13:21:51.805,0.76528,0.7655,1.00,1.75
2016.01.25 13:21:52.057,0.76526,0.7655,1.12,1.75
2016.01.25 13:21:53.237,0.76525,0.76549,1.87,1.50
2016.01.25 13:21:54.126,0.76526,0.76551,1.00,3.00
2016.01.25 13:21:54.227,0.76527,0.7655,1.00,1.75
2016.01.25 13:21:55.870,0.76527,0.76552,1.87,1.50
2016.01.25 13:21:55.921,0.76527,0.76552,2.25,1.12
2016.01.25 13:21:56.206,0.76528,0.76552,1.00,1.75
2016.01.25 13:21:56.524,0.76528,0.76553,1.75,1.12
2016.01.25 13:21:56.774,0.76528,0.76553,1.50,1.37
2016.01.25 13:21:56.825,0.76528,0.76553,1.12,1.75
2016.01.25 13:22:00.972,0.76527,0.76552,1.37,1.75
2016.01.25 13:22:01.023,0.76528,0.76552,1.50,1.12
2016.01.25 13:22:01.846,0.76531,0.76555,1.37,1.50
2016.01.25 13:22:02.149,0.76533,0.76558,1.87,1.50
2016.01.25 13:22:02.746,0.76536,0.76561,1.12,3.00
2016.01.25 13:22:03.310,0.76535,0.76557,1.50,1.00
2016.01.25 13:22:03.362,0.76533,0.76558,1.87,1.75
2016.01.25 13:22:03.463,0.76536,0.76558,1.00,1.75
2016.01.25 13:22:03.565,0.76536,0.76558,1.12,1.12
2016.01.25 13:22:03.716,0.76535,0.76556,1.37,1.12
2016.01.25 13:22:03.768,0.76533,0.76556,1.12,1.50
2016.01.25 13:22:04.576,0.76537,0.76558,1.00,1.75
2016.01.25 13:22:04.879,0.76536,0.76561,1.50,1.75
2016.01.25 13:22:04.930,0.76539,0.76563,1.00,1.75
2016.01.25 13:22:05.081,0.76541,0.76566,1.75,2.25
2016.01.25 13:22:06.838,0.76539,0.76565,1.87,2.25
2016.01.25 13:22:07.064,0.76539,0.76562,1.12,1.50
2016.01.25 13:22:07.557,0.76537,0.76559,1.75,1.00
2016.01.25 13:22:07.759,0.76537,0.7656,1.00,1.75
2016.01.25 13:22:08.962,0.76536,0.76559,1.12,1.50
2016.01.25 13:22:09.549,0.76537,0.7656,1.00,1.75
2016.01.25 13:22:09.861,0.76534,0.76554,1.75,1.00
2016.01.25 13:22:10.013,0.76531,0.76554,1.00,1.75
2016.01.25 13:22:10.417,0.76533,0.76557,1.00,3.00
2016.01.25 13:22:10.802,0.76533,0.76559,1.75,1.50
2016.01.25 13:22:11.057,0.76538,0.76561,1.00,1.75
2016.01.25 13:22:11.310,0.76535,0.76559,1.50,1.50
2016.01.25 13:22:13.493,0.76537,0.76561,1.00,1.75
2016.01.25 13:22:13.770,0.76534,0.76557,1.37,1.37
2016.01.25 13:22:13.821,0.76533,0.76556,1.00,1.75
2016.01.25 13:22:14.418,0.76531,0.76555,1.50,1.50
2016.01.25 13:22:17.004,0.76533,0.76557,1.00,1.75
2016.01.25 13:22:17.664,0.76532,0.76557,1.12,1.75
2016.01.25 13:22:19.219,0.7653,0.76554,1.37,1.87
2016.01.25 13:22:19.270,0.76528,0.76554,1.50,2.25
2016.01.25 13:22:19.426,0.76528,0.76552,1.50,2.25
2016.01.25 13:22:19.477,0.76525,0.7655,1.00,1.75
2016.01.25 13:22:20.222,0.76527,0.7655,1.00,1.75
2016.01.25 13:22:20.764,0.76527,0.76552,1.00,1.75
2016.01.25 13:22:21.177,0.76529,0.76551,1.00,1.75
2016.01.25 13:22:21.534,0.76527,0.7655,1.00,2.25
2016.01.25 13:22:21.636,0.76526,0.7655,1.00,2.25
2016.01.25 13:22:22.374,0.76527,0.76551,1.00,1.75
2016.01.25 13:22:22.475,0.7653,0.76552,1.00,1.75
2016.01.25 13:22:23.113,0.76531,0.76553,1.00,1.75
2016.01.25 13:22:23.891,0.7653,0.76551,1.00,1.50
2016.01.25 13:22:27.112,0.76531,0.76554,1.00,1.75
2016.01.25 13:22:28.359,0.7653,0.76554,1.50,1.75
2016.01.25 13:22:30.344,0.76529,0.76553,1.00,1.75
2016.01.25 13:22:30.587,0.76533,0.76556,1.00,1.50
2016.01.25 13:22:30.890,0.76535,0.7656,1.00,4.50
2016.01.25 13:22:31.624,0.76536,0.7656,1.00,3.75
2016.01.25 13:22:31.789,0.76536,0.7656,1.00,2.25
2016.01.25 13:22:32.298,0.76536,0.7656,1.00,2.25
2016.01.25 13:22:32.450,0.76535,0.76559,1.00,1.75
2016.01.25 13:22:32.964,0.76534,0.76558,1.00,1.75
2016.01.25 13:22:34.485,0.76535,0.76558,1.00,1.75
2016.01.25 13:22:34.989,0.76534,0.76558,1.00,1.75
2016.01.25 13:22:35.531,0.76532,0.76558,1.12,2.25
2016.01.25 13:22:38.481,0.7653,0.7655,1.00,1.00
2016.01.25 13:22:38.784,0.76525,0.76549,1.00,1.75
2016.01.25 13:22:39.625,0.7653,0.76546,1.00,1.75
2016.01.25 13:22:40.134,0.76525,0.76545,1.00,1.50
2016.01.25 13:22:40.937,0.76524,0.76546,1.00,1.75
2016.01.25 13:22:43.264,0.76525,0.76546,1.00,1.75
2016.01.25 13:22:43.703,0.76525,0.76547,1.50,1.00
2016.01.25 13:22:44.056,0.76526,0.76548,1.00,1.37
2016.01.25 13:22:44.387,0.76526,0.76548,1.12,1.12
2016.01.25 13:22:45.921,0.76528,0.76553,1.00,2.25
2016.01.25 13:22:46.122,0.7653,0.76553,1.12,1.50
2016.01.25 13:22:46.641,0.7653,0.76554,1.50,1.75
2016.01.25 13:22:47.145,0.76531,0.76554,1.00,1.75
2016.01.25 13:22:47.761,0.7653,0.76554,1.50,1.75
2016.01.25 13:22:49.922,0.76529,0.76554,1.50,1.75
2016.01.25 13:22:50.501,0.7653,0.76552,1.50,1.75
2016.01.25 13:22:50.804,0.76529,0.76551,1.00,1.75
2016.01.25 13:22:51.746,0.76528,0.76552,1.00,1.75
2016.01.25 13:22:51.904,0.7653,0.76551,1.00,1.75
2016.01.25 13:22:52.056,0.76525,0.76549,1.00,1.75
2016.01.25 13:22:52.207,0.76527,0.76549,1.00,1.75
2016.01.25 13:22:52.552,0.7653,0.76552,1.00,3.00
2016.01.25 13:22:52.703,0.7653,0.76552,2.25,1.00
2016.01.25 13:22:52.912,0.76532,0.76555,1.75,1.00
2016.01.25 13:22:53.447,0.76534,0.76556,1.12,1.12
2016.01.25 13:22:58.676,0.76531,0.76554,1.37,1.12
2016.01.25 13:22:58.727,0.7653,0.76554,1.50,1.50
2016.01.25 13:22:59.581,0.76529,0.76552,1.75,1.00
2016.01.25 13:22:59.834,0.76527,0.76552,1.50,1.75
2016.01.25 13:23:01.803,0.76529,0.76552,1.00,1.75
2016.01.25 13:23:02.457,0.76528,0.76553,1.12,1.75
2016.01.25 13:23:06.437,0.76525,0.76546,1.00,1.12
2016.01.25 13:23:06.740,0.76525,0.76551,3.00,2.25
2016.01.25 13:23:07.252,0.76529,0.76551,1.00,1.50
2016.01.25 13:23:07.781,0.76527,0.76552,1.50,1.75
2016.01.25 13:23:14.114,0.76525,0.76549,1.75,1.00
2016.01.25 13:23:14.265,0.76524,0.76548,2.25,1.00
2016.01.25 13:23:14.417,0.76524,0.76543,1.50,1.00
2016.01.25 13:23:14.568,0.76519,0.76543,2.25,1.50
2016.01.25 13:23:15.073,0.76519,0.76542,1.00,1.00
2016.01.25 13:23:15.325,0.7652,0.7654,1.00,1.00
2016.01.25 13:23:15.628,0.7652,0.76542,1.00,2.25
2016.01.25 13:23:15.678,0.7652,0.76542,1.00,1.50
2016.01.25 13:23:16.079,0.76522,0.76547,1.37,2.25
2016.01.25 13:23:16.130,0.76525,0.76547,1.12,1.87
2016.01.25 13:23:16.451,0.76527,0.76548,1.00,1.50
2016.01.25 13:23:16.653,0.76525,0.7655,1.12,1.75
2016.01.25 13:23:17.112,0.76526,0.76551,1.75,2.25
2016.01.25 13:23:21.401,0.76529,0.76552,1.37,1.37
2016.01.25 13:23:21.952,0.76529,0.76552,1.75,1.00
2016.01.25 13:23:22.468,0.76531,0.76554,1.12,1.50
2016.01.25 13:23:23.602,0.7653,0.76554,1.50,1.12
2016.01.25 13:23:23.753,0.76531,0.76556,2.25,1.12
2016.01.25 13:23:27.228,0.76532,0.76557,1.75,1.50
2016.01.25 13:23:27.430,0.7654,0.76561,1.00,1.00
2016.01.25 13:23:27.531,0.7654,0.76563,1.00,1.00
2016.01.25 13:23:28.048,0.7654,0.76562,1.00,1.00
2016.01.25 13:23:28.150,0.76541,0.76562,1.00,1.75
2016.01.25 13:23:28.301,0.76537,0.76562,2.25,1.75
2016.01.25 13:23:31.541,0.76535,0.76559,2.25,1.00
2016.01.25 13:23:32.054,0.76536,0.76561,1.75,1.50
2016.01.25 13:23:32.659,0.7654,0.76564,1.12,2.25
2016.01.25 13:23:32.710,0.7654,0.76564,2.25,1.50
2016.01.25 13:23:35.758,0.76544,0.76567,1.75,1.00
2016.01.25 13:23:36.071,0.76546,0.76569,1.50,1.12
2016.01.25 13:23:42.027,0.76548,0.76572,1.00,1.75
2016.01.25 13:23:44.651,0.76547,0.76572,1.12,1.75
2016.01.25 13:23:48.186,0.76547,0.76573,1.87,1.75
2016.01.25 13:23:48.301,0.76547,0.76573,2.25,1.50
2016.01.25 13:23:49.714,0.7655,0.76574,1.37,1.37
2016.01.25 13:23:49.866,0.7655,0.76577,1.75,2.25
2016.01.25 13:23:55.560,0.76551,0.76574,1.75,1.00
2016.01.25 13:23:56.700,0.76552,0.76576,1.75,1.12
2016.01.25 13:23:57.795,0.76551,0.76574,1.75,1.00
2016.01.25 13:23:58.642,0.7655,0.76575,2.25,1.37
2016.01.25 13:23:58.946,0.76545,0.76568,1.00,2.25
2016.01.25 13:23:59.501,0.76543,0.76568,1.50,1.75
2016.01.25 13:24:00.005,0.76545,0.76571,1.50,2.25
2016.01.25 13:24:04.045,0.76542,0.76567,1.75,1.50
2016.01.25 13:24:04.348,0.76541,0.76564,1.00,1.75
2016.01.25 13:24:05.264,0.7654,0.76563,1.50,1.50
2016.01.25 13:24:05.617,0.76537,0.76562,1.37,2.25
2016.01.25 13:24:05.668,0.76536,0.76562,1.12,2.25
2016.01.25 13:24:06.244,0.76537,0.76562,1.00,1.75
2016.01.25 13:24:06.346,0.7654,0.76562,1.00,1.75
2016.01.25 13:24:06.447,0.7654,0.76562,1.00,1.50
2016.01.25 13:24:06.997,0.76538,0.76562,1.50,1.50
2016.01.25 13:24:13.064,0.76536,0.76559,1.00,1.00
2016.01.25 13:24:13.948,0.76535,0.76558,1.50,1.00
2016.01.25 13:24:13.998,0.76535,0.76558,1.75,1.00
2016.01.25 13:24:14.151,0.76536,0.76561,1.75,1.12
2016.01.25 13:24:19.368,0.76539,0.76565,1.75,1.12
2016.01.25 13:24:19.571,0.76545,0.76569,1.00,1.00
2016.01.25 13:24:19.757,0.76542,0.76569,1.75,1.12
2016.01.25 13:24:20.061,0.76546,0.7657,1.75,1.00
2016.01.25 13:24:20.572,0.76546,0.76572,1.75,1.87
2016.01.25 13:24:25.591,0.76551,0.76572,1.00,1.00
2016.01.25 13:24:25.692,0.76546,0.76572,2.25,1.37
2016.01.25 13:24:32.417,0.76543,0.7657,3.75,1.50
2016.01.25 13:24:32.918,0.76543,0.7657,3.75,1.87
2016.01.25 13:24:32.969,0.76543,0.76568,2.25,1.12
2016.01.25 13:24:33.620,0.76541,0.76566,1.75,1.00
2016.01.25 13:24:33.771,0.76541,0.76565,1.00,2.25
2016.01.25 13:24:34.083,0.7654,0.76567,3.00,1.12
2016.01.25 13:24:35.099,0.7654,0.76566,1.50,1.37
2016.01.25 13:24:35.150,0.7654,0.76566,1.50,1.75
2016.01.25 13:24:36.620,0.76537,0.76562,1.75,1.00
2016.01.25 13:24:36.794,0.76537,0.76562,1.12,1.75
2016.01.25 13:24:42.822,0.76536,0.76561,1.75,1.37
2016.01.25 13:24:42.873,0.76538,0.76563,1.75,1.12
2016.01.25 13:24:47.504,0.76543,0.76567,1.00,1.75
2016.01.25 13:24:47.830,0.76544,0.76569,1.12,3.00
2016.01.25 13:24:48.032,0.7654,0.76564,3.00,1.00
2016.01.25 13:24:48.135,0.7654,0.76564,2.25,1.75
2016.01.25 13:24:48.907,0.7654,0.76564,1.37,1.50
2016.01.25 13:24:48.958,0.76541,0.76564,1.50,1.12
2016.01.25 13:24:49.211,0.76542,0.76567,1.37,1.37
2016.01.25 13:24:49.406,0.76545,0.76567,1.50,1.00
2016.01.25 13:24:49.910,0.7654,0.76567,3.75,1.87
2016.01.25 13:24:49.960,0.7654,0.76567,3.75,2.25
2016.01.25 13:24:50.212,0.7654,0.76565,1.37,1.37
2016.01.25 13:24:50.263,0.7654,0.76566,1.00,2.25
2016.01.25 13:24:51.455,0.76538,0.76563,1.50,1.75
2016.01.25 13:24:52.218,0.7654,0.76564,1.00,1.75
2016.01.25 13:24:52.722,0.76541,0.76566,1.00,1.75
2016.01.25 13:24:55.209,0.76541,0.76566,1.37,1.75
2016.01.25 13:24:55.260,0.76541,0.76566,1.75,1.50
2016.01.25 13:24:55.512,0.76544,0.7657,1.37,2.25
2016.01.25 13:24:55.563,0.76544,0.7657,1.75,2.25
2016.01.25 13:25:00.667,0.76544,0.76571,1.75,1.87
2016.01.25 13:25:01.976,0.76548,0.76574,1.75,1.87
2016.01.25 13:25:02.351,0.7655,0.76576,3.00,1.37
2016.01.25 13:25:02.452,0.76551,0.76577,1.75,1.87
2016.01.25 13:25:02.962,0.76551,0.76576,1.75,1.00
2016.01.25 13:25:03.494,0.76551,0.76577,2.25,1.12
2016.01.25 13:25:07.292,0.76552,0.76576,1.75,1.00
2016.01.25 13:25:07.796,0.76553,0.76577,1.75,1.12
2016.01.25 13:25:11.093,0.76555,0.7658,1.75,1.87
2016.01.25 13:25:13.429,0.76555,0.76579,1.75,1.00
2016.01.25 13:25:13.981,0.76556,0.7658,1.75,1.12
2016.01.25 13:25:14.990,0.76556,0.76579,1.75,1.00
2016.01.25 13:25:15.656,0.76556,0.76581,2.25,1.50
2016.01.25 13:25:17.097,0.76554,0.76578,1.75,1.00
2016.01.25 13:25:17.249,0.76553,0.76577,1.75,1.12
2016.01.25 13:25:20.265,0.76552,0.76575,1.00,1.75
2016.01.25 13:25:20.316,0.76548,0.76572,1.75,1.12
2016.01.25 13:25:23.135,0.76552,0.76576,1.50,1.87
2016.01.25 13:25:31.833,0.76554,0.76579,1.00,2.25
2016.01.25 13:25:31.884,0.76554,0.76579,1.75,2.25
2016.01.25 13:25:36.310,0.76555,0.76577,1.50,1.00
2016.01.25 13:25:36.840,0.76555,0.76578,1.50,1.12
2016.01.25 13:25:38.075,0.76554,0.76577,1.75,1.00
2016.01.25 13:25:38.944,0.76555,0.76578,1.50,1.12
2016.01.25 13:25:42.707,0.76557,0.76582,1.75,1.12
2016.01.25 13:25:42.808,0.76559,0.76583,1.75,1.50
2016.01.25 13:25:43.061,0.76557,0.76581,1.12,2.25
2016.01.25 13:25:50.682,0.76559,0.7658,1.00,1.50
2016.01.25 13:25:51.962,0.7656,0.7658,1.00,1.50
2016.01.25 13:25:52.238,0.76555,0.7658,3.00,1.50
2016.01.25 13:25:58.428,0.76557,0.76575,1.00,2.25
2016.01.25 13:25:58.479,0.76553,0.76575,1.37,2.25
2016.01.25 13:25:58.580,0.7655,0.76575,2.25,1.12
2016.01.25 13:26:01.868,0.76553,0.76577,1.00,1.75
2016.01.25 13:26:02.369,0.76551,0.76577,1.50,1.75
2016.01.25 13:26:04.328,0.76552,0.76577,1.50,1.37
2016.01.25 13:26:04.379,0.76554,0.76577,1.00,1.00
2016.01.25 13:26:04.632,0.76556,0.76579,1.37,1.37
2016.01.25 13:26:05.132,0.76554,0.76576,1.50,1.12
2016.01.25 13:26:05.184,0.76551,0.76576,1.50,1.50
2016.01.25 13:26:05.936,0.76551,0.76577,2.25,1.37
2016.01.25 13:26:05.987,0.76554,0.76577,1.00,1.00
2016.01.25 13:26:06.489,0.76554,0.76576,1.00,1.00
2016.01.25 13:26:06.691,0.76554,0.76578,2.25,1.50
2016.01.25 13:26:06.943,0.76556,0.76579,1.37,1.37
2016.01.25 13:26:07.094,0.76556,0.76579,1.12,1.37
2016.01.25 13:26:09.107,0.76554,0.76577,1.37,1.00
2016.01.25 13:26:11.886,0.76553,0.76576,1.75,1.00
2016.01.25 13:26:14.470,0.76552,0.76577,2.25,1.00
2016.01.25 13:26:14.980,0.76557,0.76578,1.00,1.12
2016.01.25 13:26:15.031,0.76557,0.7658,1.75,1.00
2016.01.25 13:26:15.577,0.76556,0.76581,2.25,1.00
2016.01.25 13:26:16.189,0.76558,0.76582,1.75,1.12
2016.01.25 13:26:16.690,0.76558,0.76581,1.75,1.00
2016.01.25 13:26:17.521,0.76558,0.76582,1.75,1.12
2016.01.25 13:26:18.049,0.76558,0.76581,1.75,1.00
2016.01.25 13:26:18.452,0.76558,0.76578,1.75,1.00
2016.01.25 13:26:18.796,0.76553,0.76577,1.75,1.00
2016.01.25 13:26:18.947,0.76552,0.76577,2.25,1.50
2016.01.25 13:26:19.875,0.76551,0.76574,1.75,1.00
2016.01.25 13:26:19.970,0.76551,0.76576,1.75,1.12
2016.01.25 13:26:20.563,0.7655,0.76575,3.75,1.00
2016.01.25 13:26:21.108,0.7655,0.76574,1.75,1.00
2016.01.25 13:26:21.618,0.7655,0.76575,1.75,1.00
2016.01.25 13:26:21.770,0.7655,0.76573,1.75,1.00
2016.01.25 13:26:21.949,0.7655,0.76575,1.75,1.00
2016.01.25 13:26:22.432,0.7655,0.76573,1.75,1.00
2016.01.25 13:26:23.723,0.76548,0.76571,3.00,1.00
2016.01.25 13:26:23.774,0.76547,0.76571,1.75,1.00
2016.01.25 13:26:24.077,0.76545,0.76568,1.12,1.50
2016.01.25 13:26:24.532,0.76543,0.76566,1.00,1.75
2016.01.25 13:26:24.734,0.7654,0.76565,3.00,1.50
2016.01.25 13:26:25.238,0.76542,0.76565,1.00,1.50
2016.01.25 13:26:25.772,0.76539,0.76564,1.75,1.12
2016.01.25 13:26:26.773,0.76542,0.76567,1.50,1.75
2016.01.25 13:26:27.348,0.76542,0.76567,1.37,1.75
2016.01.25 13:26:27.867,0.7654,0.76566,2.25,1.50
2016.01.25 13:26:27.918,0.7654,0.76566,2.25,1.75
2016.01.25 13:26:29.211,0.76544,0.76569,1.00,3.00
2016.01.25 13:26:29.665,0.76544,0.76568,1.50,1.50
2016.01.25 13:26:31.063,0.76541,0.76567,2.25,1.75
2016.01.25 13:26:38.994,0.76541,0.76567,1.75,1.00
2016.01.25 13:26:39.500,0.76543,0.76569,1.75,1.87
2016.01.25 13:26:40.704,0.76545,0.7657,1.75,1.00
2016.01.25 13:26:41.216,0.76546,0.76573,2.25,3.00
2016.01.25 13:26:42.662,0.76545,0.7657,1.75,1.00
2016.01.25 13:26:42.712,0.76545,0.7657,1.50,1.75
2016.01.25 13:26:42.965,0.76543,0.76565,1.75,1.00
2016.01.25 13:26:43.015,0.76541,0.76565,1.50,1.50
2016.01.25 13:26:43.489,0.7654,0.76565,1.00,1.75
2016.01.25 13:26:43.994,0.76536,0.76562,2.25,2.25
2016.01.25 13:26:45.793,0.7654,0.76564,1.37,1.50
2016.01.25 13:26:45.843,0.7654,0.76564,1.75,1.12
2016.01.25 13:26:45.995,0.76541,0.76568,2.25,1.87
2016.01.25 13:26:46.046,0.76541,0.76566,2.25,1.00
2016.01.25 13:26:46.399,0.76541,0.76567,2.25,1.50
2016.01.25 13:26:47.836,0.7654,0.76565,1.94,1.12
2016.01.25 13:26:48.089,0.7654,0.76565,1.75,1.12
2016.01.25 13:26:50.311,0.76539,0.76564,2.25,1.00
2016.01.25 13:26:50.413,0.76538,0.76563,1.50,1.75
2016.01.25 13:26:50.917,0.76536,0.7656,1.75,1.00
2016.01.25 13:26:52.662,0.76536,0.76561,1.75,1.12
2016.01.25 13:26:54.727,0.76537,0.76562,1.00,2.25
2016.01.25 13:26:55.381,0.76536,0.76562,1.12,2.25
2016.01.25 13:27:00.189,0.76537,0.76562,1.00,2.25
2016.01.25 13:27:00.738,0.76536,0.76561,1.75,1.12
2016.01.25 13:27:02.058,0.76539,0.76564,2.25,1.00
2016.01.25 13:27:03.545,0.7654,0.76565,1.50,1.87
2016.01.25 13:27:05.450,0.76544,0.76566,1.00,1.00
2016.01.25 13:27:05.999,0.76544,0.76565,1.00,1.00
2016.01.25 13:27:06.755,0.7654,0.76565,1.37,1.50
2016.01.25 13:27:15.328,0.76537,0.76563,2.25,1.75
2016.01.25 13:27:17.580,0.76539,0.76565,1.00,2.25
2016.01.25 13:27:18.109,0.7654,0.76565,1.00,1.75
2016.01.25 13:27:18.547,0.76538,0.76563,1.12,1.75
2016.01.25 13:27:19.477,0.76537,0.76561,1.37,1.75
2016.01.25 13:27:19.989,0.76537,0.76561,1.00,1.75
2016.01.25 13:27:21.746,0.76536,0.76561,1.50,1.75
2016.01.25 13:27:24.247,0.76534,0.7656,1.37,1.75
2016.01.25 13:27:26.915,0.76536,0.76562,1.00,1.75
2016.01.25 13:27:27.224,0.76536,0.76562,1.50,1.50
2016.01.25 13:27:32.829,0.76539,0.76565,1.00,2.25
2016.01.25 13:27:33.468,0.76536,0.76565,1.50,2.25
2016.01.25 13:27:36.789,0.76537,0.76564,1.37,1.75
2016.01.25 13:27:37.295,0.76539,0.76566,1.75,2.25
2016.01.25 13:27:53.425,0.7654,0.76564,1.00,1.50
2016.01.25 13:27:56.586,0.76536,0.76563,1.50,2.25
2016.01.25 13:27:59.021,0.76538,0.76564,1.00,1.75
2016.01.25 13:27:59.324,0.76553,0.76571,1.00,1.00
2016.01.25 13:27:59.375,0.76553,0.76574,1.00,1.50
2016.01.25 13:27:59.855,0.76555,0.76579,1.00,1.75
2016.01.25 13:28:02.072,0.76553,0.7658,1.50,2.25
2016.01.25 13:28:03.428,0.76556,0.76581,1.00,1.75
2016.01.25 13:28:03.529,0.76553,0.7658,1.50,1.75
2016.01.25 13:28:04.153,0.76557,0.76584,1.37,2.25
2016.01.25 13:28:05.941,0.7656,0.76586,1.00,3.00
2016.01.25 13:28:06.445,0.76559,0.76585,1.00,1.75
2016.01.25 13:28:08.557,0.76558,0.76584,1.12,1.75
2016.01.25 13:28:10.720,0.76555,0.76581,1.37,2.25
2016.01.25 13:28:10.771,0.76555,0.76581,1.12,2.25
2016.01.25 13:28:21.060,0.7655,0.76578,1.50,1.75
2016.01.25 13:28:21.111,0.7655,0.76577,1.50,1.75
2016.01.25 13:28:21.784,0.76552,0.76579,1.00,3.75
2016.01.25 13:28:22.443,0.76553,0.76579,1.00,3.00
2016.01.25 13:28:23.770,0.76554,0.76579,1.00,2.25
2016.01.25 13:28:23.922,0.76554,0.7658,1.12,1.75
2016.01.25 13:28:24.278,0.76552,0.76578,1.00,2.25
2016.01.25 13:28:24.785,0.7655,0.76577,1.50,1.75
2016.01.25 13:28:29.293,0.76548,0.76576,1.12,4.50
2016.01.25 13:28:36.943,0.76547,0.76564,1.50,1.00
2016.01.25 13:28:37.198,0.76539,0.76565,1.87,2.25
2016.01.25 13:28:37.299,0.76538,0.76564,1.37,2.25
2016.01.25 13:28:37.501,0.76533,0.76559,1.75,1.50
2016.01.25 13:28:37.602,0.76531,0.76556,1.50,1.37
2016.01.25 13:28:37.652,0.76531,0.76556,1.50,1.75
2016.01.25 13:28:38.087,0.76535,0.7656,1.00,3.00
2016.01.25 13:28:38.289,0.76533,0.76559,1.00,1.75
2016.01.25 13:28:38.491,0.76536,0.7656,1.00,2.25
2016.01.25 13:28:38.542,0.76536,0.76561,1.12,1.75
2016.01.25 13:28:38.896,0.76535,0.76562,1.75,2.25
2016.01.25 13:28:39.352,0.76533,0.7656,1.75,3.00
2016.01.25 13:28:39.503,0.76529,0.76555,1.87,1.37
2016.01.25 13:28:39.554,0.76528,0.76555,1.50,1.75
2016.01.25 13:28:40.240,0.7653,0.76556,1.00,1.75
2016.01.25 13:28:40.290,0.7653,0.76556,1.37,1.50
2016.01.25 13:28:40.341,0.7653,0.76556,1.75,1.50
2016.01.25 13:28:40.442,0.76532,0.76558,1.00,2.25
2016.01.25 13:28:40.494,0.7653,0.76556,1.12,1.75
2016.01.25 13:28:41.328,0.76526,0.76553,1.75,1.75
2016.01.25 13:28:42.917,0.76528,0.76554,1.50,1.50
2016.01.25 13:28:42.968,0.76528,0.76554,1.75,1.50
2016.01.25 13:28:44.413,0.76531,0.76558,1.50,1.75
2016.01.25 13:28:44.464,0.76531,0.76559,1.75,1.75
2016.01.25 13:28:46.071,0.76528,0.76555,3.75,1.00
2016.01.25 13:28:46.577,0.76528,0.76554,3.00,1.00
2016.01.25 13:28:50.066,0.76528,0.76554,1.75,1.50
2016.01.25 13:28:50.167,0.76526,0.76553,2.25,1.75
2016.01.25 13:28:51.527,0.76526,0.7655,1.75,1.12
2016.01.25 13:28:52.048,0.76526,0.7655,1.75,1.00
2016.01.25 13:28:52.997,0.76526,0.76552,2.25,1.00
2016.01.25 13:28:55.109,0.76526,0.76553,2.25,1.87
2016.01.25 13:28:55.160,0.76526,0.76553,2.25,2.25
2016.01.25 13:28:55.210,0.76526,0.76553,1.75,1.75
2016.01.25 13:28:57.315,0.76529,0.76554,1.00,1.75
2016.01.25 13:28:57.518,0.76529,0.76554,1.75,1.50
2016.01.25 13:29:00.811,0.76532,0.76558,1.50,1.75
2016.01.25 13:29:01.349,0.76531,0.76557,1.12,2.25
2016.01.25 13:29:02.328,0.76532,0.76557,1.00,1.75
2016.01.25 13:29:03.312,0.76533,0.76557,1.00,1.75
2016.01.25 13:29:03.413,0.76533,0.76557,1.50,1.50
2016.01.25 13:29:13.301,0.76534,0.7656,2.25,1.12
2016.01.25 13:29:14.767,0.76536,0.76561,1.75,1.12
2016.01.25 13:29:14.817,0.7654,0.76564,1.00,1.50
2016.01.25 13:29:15.884,0.76541,0.76564,1.00,1.00
2016.01.25 13:29:16.388,0.7654,0.76564,1.00,1.00
2016.01.25 13:29:16.773,0.76537,0.76564,1.75,1.50
2016.01.25 13:29:16.824,0.76537,0.76562,1.50,1.75
2016.01.25 13:29:16.976,0.76536,0.76562,1.37,3.00
2016.01.25 13:29:17.584,0.76536,0.76562,1.00,3.00
2016.01.25 13:29:17.643,0.76534,0.76561,1.12,1.75
2016.01.25 13:29:19.281,0.76532,0.76561,3.00,1.75
2016.01.25 13:29:19.331,0.76535,0.76562,1.75,1.75
2016.01.25 13:29:20.857,0.76533,0.76559,2.25,1.37
2016.01.25 13:29:20.907,0.76533,0.76559,1.50,1.75
2016.01.25 13:29:26.717,0.76531,0.76556,1.12,1.75
2016.01.25 13:29:28.871,0.76533,0.76559,1.00,2.25
2016.01.25 13:29:29.123,0.76533,0.76559,1.50,2.25
2016.01.25 13:29:30.394,0.76535,0.7656,1.00,2.25
2016.01.25 13:29:30.883,0.76535,0.76561,1.37,2.25
2016.01.25 13:29:30.934,0.76535,0.76561,1.75,2.25
2016.01.25 13:29:31.498,0.76534,0.76559,1.75,1.00
2016.01.25 13:29:31.599,0.76533,0.76559,1.50,1.87
2016.01.25 13:29:31.650,0.76532,0.76558,2.25,1.75
2016.01.25 13:29:32.716,0.76529,0.76555,2.25,1.37
2016.01.25 13:29:32.767,0.76529,0.76555,1.12,1.75
2016.01.25 13:29:32.818,0.76531,0.76556,1.00,2.25
2016.01.25 13:29:32.940,0.76531,0.76556,1.50,1.75
2016.01.25 13:29:38.676,0.76528,0.76552,1.00,1.75
2016.01.25 13:29:39.198,0.76527,0.76552,1.00,1.75
2016.01.25 13:29:39.450,0.76527,0.76552,2.25,1.75
2016.01.25 13:29:40.138,0.76527,0.76553,2.25,1.37
2016.01.25 13:29:40.188,0.7653,0.76556,2.25,1.75
2016.01.25 13:29:49.772,0.76533,0.76558,1.00,1.75
2016.01.25 13:29:50.280,0.76532,0.76554,1.12,1.12
2016.01.25 13:29:50.382,0.76532,0.76554,1.00,1.75
2016.01.25 13:29:50.433,0.76529,0.76554,1.12,1.75
2016.01.25 13:29:51.417,0.7653,0.76554,1.00,1.75
2016.01.25 13:29:51.568,0.7653,0.76554,1.75,1.12
2016.01.25 13:30:01.433,0.76531,0.76557,1.37,1.75
2016.01.25 13:30:01.484,0.76531,0.76557,1.00,1.75
2016.01.25 13:30:03.621,0.76532,0.76558,1.00,3.75
2016.01.25 13:30:04.645,0.76534,0.76558,1.00,3.00
2016.01.25 13:30:04.948,0.76536,0.76558,1.00,2.25
2016.01.25 13:30:04.999,0.76536,0.76559,1.00,1.75
2016.01.25 13:30:05.100,0.76536,0.76556,1.00,1.00
2016.01.25 13:30:07.139,0.76539,0.76561,1.00,1.75
2016.01.25 13:30:08.214,0.7654,0.76563,1.00,1.75
2016.01.25 13:30:08.667,0.76542,0.76567,1.00,2.25
2016.01.25 13:30:08.769,0.7654,0.76565,1.50,2.25
2016.01.25 13:30:09.173,0.76543,0.76564,1.00,1.75
2016.01.25 13:30:09.235,0.76544,0.76566,1.00,2.25
2016.01.25 13:30:10.957,0.76545,0.76566,1.00,1.50
2016.01.25 13:30:11.648,0.76544,0.76565,1.00,1.12
2016.01.25 13:30:12.606,0.76543,0.76565,1.12,1.12
2016.01.25 13:30:29.290,0.76541,0.76564,1.75,1.00
2016.01.25 13:30:32.549,0.76541,0.76565,1.75,1.12
2016.01.25 13:30:33.249,0.76542,0.76566,1.50,1.12
2016.01.25 13:30:33.299,0.76542,0.76566,1.37,1.50
2016.01.25 13:30:33.350,0.76542,0.76566,1.00,1.75
2016.01.25 13:30:34.193,0.76539,0.76564,1.75,1.50
2016.01.25 13:30:34.294,0.76539,0.76564,1.37,1.75
2016.01.25 13:30:34.395,0.76539,0.76562,1.00,1.75
2016.01.25 13:30:35.277,0.76541,0.76562,1.00,1.75
2016.01.25 13:30:36.014,0.76543,0.76564,1.00,1.75
2016.01.25 13:30:36.065,0.76543,0.76564,1.00,1.75
2016.01.25 13:30:37.835,0.76542,0.76565,1.00,2.25
2016.01.25 13:30:38.330,0.76543,0.76566,1.50,1.12
2016.01.25 13:30:44.410,0.76542,0.76566,1.37,1.50
2016.01.25 13:30:44.512,0.76542,0.76566,1.00,1.75
2016.01.25 13:30:44.613,0.76542,0.76565,1.00,1.75
2016.01.25 13:30:44.798,0.7654,0.76564,1.00,1.75
2016.01.25 13:30:45.103,0.76538,0.76562,1.12,1.75
2016.01.25 13:30:45.205,0.76537,0.76559,1.12,1.37
2016.01.25 13:30:45.972,0.76536,0.76558,1.00,1.50
2016.01.25 13:30:46.225,0.76537,0.7656,1.50,1.00
2016.01.25 13:30:49.515,0.76537,0.76559,1.50,1.00
2016.01.25 13:30:50.033,0.76537,0.7656,1.50,1.00
2016.01.25 13:30:50.617,0.76537,0.76559,1.00,1.00
2016.01.25 13:30:50.718,0.76537,0.76557,1.00,1.00
2016.01.25 13:30:50.825,0.76535,0.76557,1.12,1.12
2016.01.25 13:30:52.884,0.76536,0.76559,1.00,1.75
2016.01.25 13:30:53.575,0.76537,0.76559,1.00,1.75
2016.01.25 13:30:53.778,0.76535,0.76559,1.12,1.75
2016.01.25 13:30:54.301,0.76536,0.76558,1.00,1.50
2016.01.25 13:30:55.028,0.76535,0.76558,1.12,1.50
2016.01.25 13:30:56.406,0.76537,0.76559,1.00,1.75
2016.01.25 13:30:56.861,0.7654,0.76563,1.00,1.75
2016.01.25 13:30:57.184,0.76538,0.76563,1.00,1.75
2016.01.25 13:30:57.614,0.7654,0.76563,1.00,1.75
2016.01.25 13:30:57.665,0.7654,0.76561,1.00,1.00
2016.01.25 13:30:58.727,0.76539,0.76561,1.00,1.00
2016.01.25 13:30:59.070,0.76541,0.76561,1.00,1.00
2016.01.25 13:30:59.233,0.76539,0.76561,1.00,1.00
2016.01.25 13:30:59.587,0.76541,0.76561,1.00,1.00
2016.01.25 13:31:00.222,0.7654,0.76561,1.00,1.00
2016.01.25 13:31:00.729,0.7654,0.76564,1.87,1.50
2016.01.25 13:31:00.780,0.7654,0.76564,2.25,1.12
2016.01.25 13:31:01.133,0.76542,0.76567,1.00,3.00
2016.01.25 13:31:01.640,0.76541,0.76567,1.00,3.00
2016.01.25 13:31:02.501,0.7654,0.76566,2.25,1.75
2016.01.25 13:31:03.005,0.76541,0.76566,1.00,1.75
2016.01.25 13:31:05.094,0.7654,0.76564,1.50,1.75
2016.01.25 13:31:05.597,0.76541,0.76564,1.00,1.75
2016.01.25 13:31:08.128,0.76541,0.76566,1.37,1.75
2016.01.25 13:31:08.179,0.76541,0.76566,1.50,1.75
2016.01.25 13:31:08.644,0.76543,0.76569,1.37,1.50
2016.01.25 13:31:08.694,0.76543,0.76569,1.75,1.12
2016.01.25 13:31:08.796,0.7655,0.76568,1.00,1.00
