2015.09.24 06:00:00.069,0.75495,0.75518,1.00,1.12
2015.09.24 06:00:00.221,0.75491,0.75518,1.50,1.12
2015.09.24 06:00:00.323,0.75495,0.75518,1.00,1.12
2015.09.24 06:00:00.525,0.75495,0.75517,1.87,1.37
2015.09.24 06:00:00.576,0.755,0.75517,1.00,1.37
2015.09.24 06:00:01.451,0.755,0.75517,1.00,1.37
2015.09.24 06:00:01.676,0.75495,0.75512,1.00,1.00
2015.09.24 06:00:02.544,0.75495,0.75515,1.00,1.37
2015.09.24 06:00:02.696,0.75495,0.75515,1.00,1.12
2015.09.24 06:00:04.007,0.75495,0.75512,1.00,1.12
2015.09.24 06:00:04.058,0.7549,0.75512,1.00,1.12
2015.09.24 06:00:04.838,0.75494,0.75514,1.00,2.25
2015.09.24 06:00:04.990,0.75494,0.75517,1.00,2.25
2015.09.24 06:00:05.398,0.75495,0.75518,1.00,1.12
2015.09.24 06:00:05.932,0.75495,0.75511,1.00,1.00
2015.09.24 06:00:06.386,0.7549,0.75511,1.00,1.00
2015.09.24 06:00:06.589,0.7549,0.75513,1.00,1.12
2015.09.24 06:00:09.587,0.75488,0.75509,1.37,1.12
2015.09.24 06:00:09.891,0.75495,0.75509,1.00,1.12
2015.09.24 06:00:10.367,0.755,0.75516,1.00,2.25
2015.09.24 06:00:10.419,0.755,0.75518,1.00,1.12
2015.09.24 06:00:10.571,0.75492,0.75518,1.50,1.12
2015.09.24 06:00:10.875,0.755,0.75518,1.00,1.12
2015.09.24 06:00:11.128,0.75495,0.75518,1.00,1.12
2015.09.24 06:00:11.571,0.755,0.75513,1.00,1.12
2015.09.24 06:00:11.673,0.75492,0.75513,1.37,1.12
2015.09.24 06:00:11.875,0.755,0.75513,1.00,1.12
2015.09.24 06:00:12.128,0.75495,0.75512,1.12,1.37
2015.09.24 06:00:12.330,0.755,0.75512,1.00,1.37
2015.09.24 06:00:13.391,0.755,0.75513,1.00,1.37
2015.09.24 06:00:13.646,0.75495,0.75513,1.00,1.37
2015.09.24 06:00:13.849,0.755,0.75513,1.00,1.37
2015.09.24 06:00:14.103,0.75495,0.75513,1.00,1.37
2015.09.24 06:00:14.698,0.75495,0.75514,1.12,1.00
2015.09.24 06:00:14.850,0.755,0.75514,1.00,1.00
2015.09.24 06:00:15.103,0.75495,0.75512,1.12,1.00
2015.09.24 06:00:15.306,0.7549,0.75512,3.00,1.12
2015.09.24 06:00:15.407,0.75495,0.7551,1.00,1.12
2015.09.24 06:00:15.911,0.75496,0.75515,1.00,1.87
2015.09.24 06:00:15.962,0.75499,0.75518,1.00,1.12
2015.09.24 06:00:16.165,0.75497,0.75523,1.12,1.12
2015.09.24 06:00:16.216,0.75497,0.75523,1.50,1.12
2015.09.24 06:00:16.267,0.75495,0.75523,3.37,1.87
2015.09.24 06:00:16.318,0.75495,0.75521,2.62,1.12
2015.09.24 06:00:16.369,0.75495,0.75519,1.00,1.12
2015.09.24 06:00:16.471,0.75495,0.75519,1.00,2.62
2015.09.24 06:00:16.676,0.75495,0.75515,1.00,1.00
2015.09.24 06:00:16.727,0.75495,0.75519,1.00,1.12
2015.09.24 06:00:17.309,0.75495,0.75519,1.00,2.62
2015.09.24 06:00:19.495,0.75492,0.75514,1.87,1.12
2015.09.24 06:00:20.444,0.75495,0.75519,2.62,1.12
2015.09.24 06:00:20.546,0.75499,0.75518,1.00,1.37
2015.09.24 06:00:21.080,0.755,0.75518,1.00,1.37
2015.09.24 06:00:22.457,0.755,0.75521,1.37,1.12
2015.09.24 06:00:23.638,0.755,0.7552,1.12,1.12
2015.09.24 06:00:25.142,0.755,0.75522,1.87,1.12
2015.09.24 06:00:25.464,0.75501,0.75521,1.37,1.00
2015.09.24 06:00:26.048,0.75501,0.75521,1.37,1.00
2015.09.24 06:00:26.618,0.75501,0.75522,1.37,1.37
2015.09.24 06:00:28.449,0.75504,0.75521,1.12,1.00
2015.09.24 06:00:28.997,0.75505,0.75522,1.12,1.37
2015.09.24 06:00:29.250,0.75505,0.75525,1.87,1.37
2015.09.24 06:00:29.745,0.75506,0.7553,1.37,1.12
2015.09.24 06:00:29.847,0.75507,0.7553,1.87,1.00
2015.09.24 06:00:29.999,0.75508,0.75534,1.12,1.87
2015.09.24 06:00:31.098,0.75508,0.7553,1.50,1.00
2015.09.24 06:00:32.146,0.75509,0.7553,1.37,1.00
2015.09.24 06:00:32.654,0.75507,0.75531,1.12,1.12
2015.09.24 06:00:34.249,0.75507,0.75527,1.37,1.00
2015.09.24 06:00:34.452,0.75505,0.75528,1.50,1.12
2015.09.24 06:00:34.671,0.75505,0.75528,1.50,1.12
2015.09.24 06:00:34.976,0.7551,0.75528,1.00,1.12
2015.09.24 06:00:35.078,0.75505,0.75528,1.50,1.12
2015.09.24 06:00:35.624,0.7551,0.75528,1.00,1.12
2015.09.24 06:00:36.078,0.75505,0.75528,1.50,1.12
2015.09.24 06:00:36.281,0.75505,0.75528,1.50,1.12
2015.09.24 06:00:36.834,0.75505,0.75528,1.50,1.12
2015.09.24 06:00:38.405,0.75505,0.75528,1.50,1.12
2015.09.24 06:00:38.983,0.75505,0.75529,1.50,1.75
2015.09.24 06:00:39.894,0.75505,0.75528,1.50,1.12
2015.09.24 06:00:40.684,0.75505,0.75525,1.12,1.12
2015.09.24 06:00:41.290,0.75505,0.75525,1.37,1.12
2015.09.24 06:00:43.724,0.75505,0.75525,1.12,1.12
2015.09.24 06:00:44.228,0.75505,0.75522,1.12,1.37
2015.09.24 06:00:49.324,0.75505,0.75522,1.00,1.12
2015.09.24 06:00:49.426,0.75505,0.75524,1.00,1.12
2015.09.24 06:00:49.527,0.75505,0.75524,1.00,1.12
2015.09.24 06:00:49.628,0.755,0.75521,1.00,1.12
2015.09.24 06:00:50.058,0.7549,0.75514,1.87,1.12
2015.09.24 06:00:50.686,0.75489,0.75514,2.25,1.12
2015.09.24 06:00:51.516,0.7549,0.75512,1.37,1.12
2015.09.24 06:00:52.255,0.7549,0.75514,1.37,1.12
2015.09.24 06:00:56.475,0.7549,0.75511,1.37,1.12
2015.09.24 06:00:57.581,0.7549,0.75513,1.50,1.12
2015.09.24 06:00:57.645,0.7549,0.75512,1.87,1.00
2015.09.24 06:00:57.860,0.7549,0.75513,1.50,1.12
2015.09.24 06:01:00.459,0.7549,0.75513,2.25,1.12
2015.09.24 06:01:00.773,0.7549,0.75515,1.87,1.12
2015.09.24 06:01:01.903,0.7549,0.75506,1.00,1.00
2015.09.24 06:01:01.954,0.75485,0.75506,2.25,1.00
2015.09.24 06:01:02.005,0.75485,0.755,1.50,1.00
2015.09.24 06:01:02.157,0.7548,0.755,1.37,1.00
2015.09.24 06:01:02.209,0.7548,0.75501,1.37,1.12
2015.09.24 06:01:02.311,0.7548,0.75499,1.12,1.37
2015.09.24 06:01:02.412,0.75476,0.75499,1.87,1.12
2015.09.24 06:01:02.564,0.75479,0.75497,1.00,1.00
2015.09.24 06:01:03.303,0.7547,0.7549,1.37,1.12
2015.09.24 06:01:03.758,0.75471,0.75491,1.37,1.37
2015.09.24 06:01:03.909,0.75471,0.75492,1.37,1.12
2015.09.24 06:01:04.011,0.7547,0.75492,1.37,1.12
2015.09.24 06:01:04.540,0.7547,0.75489,1.37,1.12
2015.09.24 06:01:04.894,0.75466,0.75488,1.50,1.12
2015.09.24 06:01:05.197,0.75465,0.75487,1.12,1.12
2015.09.24 06:01:05.247,0.75465,0.75484,1.12,1.12
2015.09.24 06:01:05.873,0.75461,0.75484,1.50,1.12
2015.09.24 06:01:05.974,0.7546,0.75482,1.50,1.50
2015.09.24 06:01:06.126,0.75456,0.75478,1.37,1.12
2015.09.24 06:01:06.646,0.75453,0.75475,1.37,1.00
2015.09.24 06:01:07.529,0.75452,0.75475,1.37,1.37
2015.09.24 06:01:08.197,0.75451,0.75475,1.50,1.87
2015.09.24 06:01:08.838,0.7545,0.75473,1.12,1.12
2015.09.24 06:01:09.747,0.75452,0.75474,1.37,1.12
2015.09.24 06:01:10.240,0.7545,0.75472,1.50,1.87
2015.09.24 06:01:10.342,0.7545,0.75469,1.00,1.12
2015.09.24 06:01:10.393,0.75447,0.75469,1.50,1.12
2015.09.24 06:01:10.443,0.75447,0.75468,1.50,1.12
2015.09.24 06:01:10.747,0.7545,0.75466,1.00,1.12
2015.09.24 06:01:11.481,0.75445,0.75466,1.37,1.12
2015.09.24 06:01:11.532,0.7545,0.75466,1.00,1.12
2015.09.24 06:01:11.836,0.7545,0.75465,1.00,1.12
2015.09.24 06:01:11.939,0.75445,0.75465,1.00,1.12
2015.09.24 06:01:12.144,0.75449,0.75463,1.00,1.37
2015.09.24 06:01:12.953,0.7545,0.75464,1.00,1.12
2015.09.24 06:01:14.085,0.7545,0.75467,1.12,1.12
2015.09.24 06:01:14.879,0.7545,0.75468,1.00,1.12
2015.09.24 06:01:15.473,0.75449,0.75466,1.12,1.12
2015.09.24 06:01:16.168,0.75445,0.75467,2.25,1.12
2015.09.24 06:01:16.746,0.75445,0.75466,1.87,1.12
2015.09.24 06:01:17.396,0.75445,0.75466,3.00,1.12
2015.09.24 06:01:18.281,0.7545,0.75467,1.37,1.12
2015.09.24 06:01:18.785,0.7545,0.75466,1.12,1.12
2015.09.24 06:01:19.803,0.75445,0.75466,1.87,1.12
2015.09.24 06:01:20.312,0.75445,0.75466,2.25,1.12
2015.09.24 06:01:20.414,0.75445,0.75465,1.37,1.12
2015.09.24 06:01:21.171,0.75445,0.75466,1.50,1.12
2015.09.24 06:01:21.719,0.75445,0.75466,1.37,1.12
2015.09.24 06:01:23.424,0.75444,0.75465,1.87,1.12
2015.09.24 06:01:23.525,0.75444,0.75464,1.87,1.12
2015.09.24 06:01:23.833,0.75442,0.75464,1.37,1.37
2015.09.24 06:01:24.617,0.7544,0.75463,1.50,1.12
2015.09.24 06:01:25.146,0.75437,0.75461,1.37,1.00
2015.09.24 06:01:25.610,0.75437,0.75461,1.37,1.37
2015.09.24 06:01:26.626,0.75437,0.75461,1.37,1.37
2015.09.24 06:01:27.680,0.7544,0.75461,1.00,1.37
2015.09.24 06:01:28.228,0.7544,0.75461,1.00,1.12
2015.09.24 06:01:28.734,0.7544,0.75461,1.37,1.37
2015.09.24 06:01:30.140,0.7544,0.75461,1.37,1.12
2015.09.24 06:01:30.690,0.7544,0.75461,1.37,1.12
2015.09.24 06:01:32.351,0.7544,0.75461,1.37,1.00
2015.09.24 06:01:33.424,0.7544,0.75461,1.37,1.00
2015.09.24 06:01:35.556,0.7544,0.75461,1.37,1.00
2015.09.24 06:01:35.658,0.7544,0.75461,1.37,1.00
2015.09.24 06:01:36.173,0.75441,0.75463,1.00,1.37
2015.09.24 06:01:39.242,0.7544,0.75463,1.12,1.12
2015.09.24 06:01:39.546,0.75442,0.75463,1.37,1.37
2015.09.24 06:01:39.855,0.75441,0.75464,1.50,1.12
2015.09.24 06:01:42.755,0.75445,0.75463,1.00,1.37
2015.09.24 06:01:43.383,0.7544,0.75463,1.87,1.37
2015.09.24 06:01:43.974,0.7544,0.75464,1.87,1.12
2015.09.24 06:01:45.786,0.75441,0.75463,1.00,1.12
2015.09.24 06:01:46.331,0.7544,0.75463,1.37,2.62
2015.09.24 06:01:52.318,0.75439,0.75461,1.00,1.12
2015.09.24 06:01:53.260,0.75438,0.75461,1.37,1.12
2015.09.24 06:01:56.044,0.75438,0.75461,1.12,1.12
2015.09.24 06:01:58.832,0.75438,0.7546,1.37,1.00
2015.09.24 06:02:00.425,0.7544,0.7546,1.00,1.00
2015.09.24 06:02:05.083,0.7544,0.75461,1.00,1.75
2015.09.24 06:02:05.386,0.75445,0.75458,1.00,1.37
2015.09.24 06:02:05.437,0.75445,0.75458,1.00,1.00
2015.09.24 06:02:05.640,0.75443,0.75464,1.12,1.37
2015.09.24 06:02:06.868,0.75445,0.75466,1.37,1.12
2015.09.24 06:02:07.172,0.75445,0.75463,1.00,1.75
2015.09.24 06:02:07.475,0.75444,0.75465,1.12,1.12
2015.09.24 06:02:07.526,0.75444,0.75465,1.12,1.12
2015.09.24 06:02:07.729,0.7544,0.75465,1.87,1.87
2015.09.24 06:02:08.192,0.7544,0.75461,1.12,1.12
2015.09.24 06:02:09.064,0.7544,0.75459,1.00,1.12
2015.09.24 06:02:10.149,0.7544,0.75459,1.00,1.12
2015.09.24 06:02:11.251,0.7544,0.75459,1.00,1.12
2015.09.24 06:02:11.855,0.75439,0.75459,1.12,1.12
2015.09.24 06:02:12.917,0.75439,0.75459,1.12,1.12
2015.09.24 06:02:14.278,0.75439,0.75459,1.12,1.87
2015.09.24 06:02:14.993,0.7544,0.75458,1.00,1.50
2015.09.24 06:02:15.530,0.7544,0.75458,1.00,1.50
2015.09.24 06:02:16.080,0.75439,0.75458,1.00,1.50
2015.09.24 06:02:16.712,0.7544,0.75458,1.00,1.50
2015.09.24 06:02:21.663,0.75435,0.75457,1.87,1.37
2015.09.24 06:02:21.834,0.75435,0.75457,1.50,1.50
2015.09.24 06:02:22.315,0.75435,0.75455,1.12,1.37
2015.09.24 06:02:22.909,0.75435,0.75454,1.00,1.75
2015.09.24 06:02:23.595,0.75435,0.75452,1.00,1.37
2015.09.24 06:02:25.221,0.75435,0.75454,1.00,1.75
2015.09.24 06:02:25.322,0.75431,0.75452,1.12,1.12
2015.09.24 06:02:25.423,0.7543,0.75448,1.00,1.12
2015.09.24 06:02:25.986,0.7543,0.75445,1.00,1.87
2015.09.24 06:02:26.037,0.75425,0.75445,1.00,1.87
2015.09.24 06:02:27.727,0.75424,0.75445,1.12,1.87
2015.09.24 06:02:28.031,0.75425,0.75447,1.50,2.25
2015.09.24 06:02:29.509,0.75424,0.75446,1.87,1.50
2015.09.24 06:02:30.611,0.75424,0.75445,1.87,1.50
2015.09.24 06:02:31.670,0.75425,0.75447,1.87,1.87
2015.09.24 06:02:33.521,0.75426,0.75447,1.00,1.50
2015.09.24 06:02:33.622,0.75426,0.75447,1.00,1.50
2015.09.24 06:02:33.724,0.75425,0.75448,1.87,1.12
2015.09.24 06:02:34.259,0.75425,0.75448,1.87,1.12
2015.09.24 06:02:35.284,0.75425,0.75448,1.87,1.12
2015.09.24 06:02:35.967,0.75425,0.75448,1.87,1.12
2015.09.24 06:02:37.831,0.75425,0.75448,1.87,1.12
2015.09.24 06:02:38.872,0.75425,0.75448,1.87,1.12
2015.09.24 06:02:39.265,0.7542,0.75436,1.37,1.37
2015.09.24 06:02:39.316,0.7542,0.75436,1.00,1.37
2015.09.24 06:02:39.569,0.7542,0.75442,1.50,1.12
2015.09.24 06:02:39.621,0.7542,0.75443,1.50,1.12
2015.09.24 06:02:40.182,0.75425,0.75445,1.12,1.12
2015.09.24 06:02:40.841,0.75425,0.75445,1.37,1.12
2015.09.24 06:02:41.591,0.75425,0.75448,1.87,1.12
2015.09.24 06:02:42.096,0.75425,0.75448,1.87,1.12
2015.09.24 06:02:42.970,0.75429,0.7545,1.00,1.37
2015.09.24 06:02:43.273,0.75428,0.75452,1.12,1.12
2015.09.24 06:02:46.463,0.75428,0.75452,1.12,1.12
2015.09.24 06:02:49.501,0.75429,0.75451,1.00,1.00
2015.09.24 06:02:49.772,0.75428,0.75451,1.37,1.37
2015.09.24 06:02:55.300,0.75429,0.75452,1.00,1.75
2015.09.24 06:02:56.324,0.75429,0.75451,1.00,1.37
2015.09.24 06:02:56.596,0.75425,0.75447,1.50,1.12
2015.09.24 06:02:57.512,0.75427,0.75449,1.00,1.87
2015.09.24 06:02:58.033,0.75426,0.75448,1.37,1.50
2015.09.24 06:02:58.553,0.75427,0.75449,1.00,1.87
2015.09.24 06:02:59.664,0.75426,0.7545,1.12,1.87
2015.09.24 06:03:00.257,0.75426,0.7545,1.12,2.25
2015.09.24 06:03:00.602,0.75426,0.7545,1.12,1.87
2015.09.24 06:03:01.126,0.75426,0.7545,1.12,1.87
2015.09.24 06:03:02.333,0.75426,0.7545,1.12,2.25
2015.09.24 06:03:03.560,0.75426,0.7545,1.12,1.12
2015.09.24 06:03:04.132,0.75426,0.7545,1.12,1.12
2015.09.24 06:03:04.709,0.75426,0.7545,1.12,1.12
2015.09.24 06:03:06.631,0.75426,0.7545,1.12,1.12
2015.09.24 06:03:06.934,0.7543,0.7545,1.37,1.12
2015.09.24 06:03:08.030,0.75426,0.7545,1.12,1.12
2015.09.24 06:03:08.543,0.75426,0.7545,1.12,1.12
2015.09.24 06:03:09.131,0.75426,0.7545,1.12,1.12
2015.09.24 06:03:09.748,0.75426,0.7545,1.12,1.12
2015.09.24 06:03:10.283,0.7543,0.7545,1.37,1.12
2015.09.24 06:03:10.830,0.7543,0.7545,1.37,1.12
2015.09.24 06:03:12.240,0.7543,0.7545,1.37,1.12
2015.09.24 06:03:13.732,0.7543,0.75452,1.37,1.12
2015.09.24 06:03:14.036,0.75435,0.75455,1.00,1.12
2015.09.24 06:03:14.087,0.75434,0.75455,1.12,1.12
2015.09.24 06:03:14.138,0.75434,0.75455,1.37,1.12
2015.09.24 06:03:15.677,0.75435,0.75455,1.37,1.12
2015.09.24 06:03:16.197,0.75435,0.75457,1.50,1.12
2015.09.24 06:03:17.453,0.75435,0.75456,1.50,1.00
2015.09.24 06:03:18.779,0.75436,0.7546,1.12,2.25
2015.09.24 06:03:20.141,0.75436,0.7546,1.12,2.25
2015.09.24 06:03:20.786,0.75436,0.7546,1.12,1.87
2015.09.24 06:03:22.382,0.75436,0.7546,1.12,1.87
2015.09.24 06:03:23.131,0.75436,0.7546,1.12,1.12
2015.09.24 06:03:24.039,0.7544,0.7546,1.00,1.12
2015.09.24 06:03:24.567,0.75436,0.7546,1.12,1.87
2015.09.24 06:03:25.205,0.75436,0.7546,1.12,1.12
2015.09.24 06:03:25.794,0.7544,0.7546,1.12,1.12
2015.09.24 06:03:26.097,0.75437,0.75459,1.00,1.87
2015.09.24 06:03:26.300,0.75432,0.75454,1.00,1.12
2015.09.24 06:03:26.351,0.7543,0.75454,1.50,1.12
2015.09.24 06:03:26.503,0.75427,0.75451,1.50,1.37
2015.09.24 06:03:26.806,0.75425,0.75449,1.12,1.75
2015.09.24 06:03:27.916,0.75425,0.75448,1.50,1.12
2015.09.24 06:03:28.421,0.75425,0.75448,1.50,1.12
2015.09.24 06:03:29.388,0.75425,0.75448,1.50,1.12
2015.09.24 06:03:30.306,0.75425,0.75448,1.50,1.75
2015.09.24 06:03:30.950,0.75425,0.75447,1.12,1.12
2015.09.24 06:03:31.355,0.75425,0.75444,1.37,1.00
2015.09.24 06:03:32.652,0.75425,0.75447,1.50,1.12
2015.09.24 06:03:33.537,0.75425,0.75446,1.50,1.00
2015.09.24 06:03:34.333,0.75425,0.75449,1.12,1.75
2015.09.24 06:03:35.150,0.75425,0.75447,1.50,1.12
2015.09.24 06:03:35.694,0.75425,0.75447,1.50,1.12
2015.09.24 06:03:36.339,0.75425,0.7545,1.87,1.12
2015.09.24 06:03:36.390,0.75426,0.7545,1.12,1.12
2015.09.24 06:03:36.901,0.75426,0.75449,1.12,1.00
2015.09.24 06:03:37.723,0.75426,0.7545,1.12,1.12
2015.09.24 06:03:38.757,0.75426,0.7545,1.12,1.12
2015.09.24 06:03:39.060,0.75427,0.75449,1.00,1.37
2015.09.24 06:03:41.731,0.75426,0.75447,1.37,1.37
2015.09.24 06:03:42.280,0.75424,0.75445,1.37,1.37
2015.09.24 06:03:42.432,0.75422,0.75445,1.00,1.87
2015.09.24 06:03:42.584,0.75422,0.75443,1.00,1.37
2015.09.24 06:03:42.635,0.75415,0.75443,2.62,1.37
2015.09.24 06:03:42.790,0.75415,0.75441,1.87,1.50
2015.09.24 06:03:42.891,0.75415,0.75441,1.50,1.75
2015.09.24 06:03:43.776,0.75414,0.75438,1.12,1.12
2015.09.24 06:03:45.240,0.75415,0.75437,1.37,1.00
2015.09.24 06:03:45.882,0.75415,0.75437,1.50,1.00
2015.09.24 06:03:45.983,0.75415,0.75439,1.12,1.75
2015.09.24 06:03:47.153,0.75415,0.75438,1.50,1.12
2015.09.24 06:03:49.002,0.75414,0.75438,2.62,1.87
2015.09.24 06:03:50.065,0.75414,0.75436,1.12,1.37
2015.09.24 06:03:51.025,0.75414,0.75437,1.12,1.50
2015.09.24 06:03:52.766,0.75414,0.75437,1.75,1.50
2015.09.24 06:03:52.867,0.75415,0.7544,1.87,1.12
2015.09.24 06:03:53.120,0.75426,0.75449,1.12,1.12
2015.09.24 06:03:53.171,0.75427,0.75448,1.37,1.00
2015.09.24 06:03:53.474,0.7543,0.75453,1.37,1.12
2015.09.24 06:03:53.576,0.7543,0.75452,2.25,1.00
2015.09.24 06:03:54.079,0.7543,0.75456,1.50,2.25
2015.09.24 06:03:54.492,0.75432,0.75454,1.12,1.00
2015.09.24 06:03:54.913,0.75433,0.75456,1.37,1.12
2015.09.24 06:03:55.014,0.75432,0.75455,1.87,1.12
2015.09.24 06:03:55.470,0.7543,0.75455,1.12,1.12
2015.09.24 06:03:56.689,0.7543,0.75453,1.50,1.12
2015.09.24 06:03:58.195,0.75429,0.75453,1.12,1.12
2015.09.24 06:03:59.113,0.7543,0.75453,2.62,1.37
2015.09.24 06:03:59.643,0.75432,0.75456,1.12,1.12
2015.09.24 06:04:00.884,0.75432,0.75456,1.12,1.12
2015.09.24 06:04:01.200,0.75432,0.75455,1.37,1.50
2015.09.24 06:04:01.654,0.7543,0.75453,1.50,1.12
2015.09.24 06:04:02.776,0.7543,0.75453,1.50,1.12
2015.09.24 06:04:03.081,0.7543,0.75455,2.62,1.12
2015.09.24 06:04:03.132,0.75431,0.75456,1.12,1.50
2015.09.24 06:04:04.457,0.75432,0.75456,1.12,1.37
2015.09.24 06:04:04.763,0.75432,0.75456,1.12,1.12
2015.09.24 06:04:05.846,0.75433,0.75456,1.00,1.12
2015.09.24 06:04:06.168,0.75432,0.75456,1.12,1.12
2015.09.24 06:04:08.061,0.75433,0.75455,1.00,1.87
2015.09.24 06:04:10.270,0.7543,0.75452,1.87,1.00
2015.09.24 06:04:11.477,0.7543,0.75456,1.50,1.87
2015.09.24 06:04:12.141,0.7543,0.75452,1.87,1.00
2015.09.24 06:04:12.735,0.75435,0.75452,1.00,1.00
2015.09.24 06:04:12.786,0.7543,0.75452,1.87,1.00
2015.09.24 06:04:13.297,0.7543,0.75453,1.87,1.12
2015.09.24 06:04:13.800,0.7543,0.75451,1.37,1.37
2015.09.24 06:04:14.716,0.7543,0.75452,1.37,1.12
2015.09.24 06:04:16.450,0.7543,0.75451,1.37,1.37
2015.09.24 06:04:18.119,0.75429,0.75451,1.37,1.12
2015.09.24 06:04:18.372,0.75427,0.75451,1.12,1.12
2015.09.24 06:04:18.675,0.75425,0.75448,2.62,1.00
2015.09.24 06:04:18.877,0.7543,0.75448,1.00,1.00
2015.09.24 06:04:19.231,0.75425,0.75448,2.62,1.00
2015.09.24 06:04:19.948,0.75425,0.75448,1.87,1.37
2015.09.24 06:04:22.664,0.75425,0.75442,1.12,1.37
2015.09.24 06:04:22.867,0.75413,0.75434,1.37,1.00
2015.09.24 06:04:22.969,0.75412,0.75435,1.50,1.12
2015.09.24 06:04:23.695,0.7541,0.75431,1.50,1.00
2015.09.24 06:04:24.812,0.75409,0.75432,1.12,1.12
2015.09.24 06:04:25.662,0.7541,0.75429,1.37,1.00
2015.09.24 06:04:26.018,0.7541,0.7543,1.12,1.12
2015.09.24 06:04:26.530,0.75405,0.75426,1.50,1.00
2015.09.24 06:04:27.308,0.75405,0.75427,1.87,1.37
2015.09.24 06:04:27.611,0.7541,0.7543,1.37,1.12
2015.09.24 06:04:27.713,0.75408,0.75431,1.50,1.12
2015.09.24 06:04:27.916,0.75408,0.7543,1.37,1.12
2015.09.24 06:04:28.018,0.75409,0.75426,1.12,1.37
2015.09.24 06:04:28.437,0.75405,0.75424,1.12,1.12
2015.09.24 06:04:28.941,0.75405,0.75424,1.00,1.12
2015.09.24 06:04:29.244,0.754,0.7542,1.87,1.00
2015.09.24 06:04:30.118,0.754,0.75422,1.37,1.12
2015.09.24 06:04:30.959,0.754,0.75418,1.00,1.00
2015.09.24 06:04:31.460,0.754,0.75419,1.00,1.12
2015.09.24 06:04:32.325,0.754,0.75419,1.00,1.12
2015.09.24 06:04:33.020,0.754,0.75416,1.00,1.37
2015.09.24 06:04:35.030,0.75395,0.75415,1.37,1.00
2015.09.24 06:04:35.182,0.754,0.75415,1.00,1.00
2015.09.24 06:04:35.283,0.75395,0.75416,1.37,1.37
2015.09.24 06:04:35.434,0.75395,0.75415,1.12,1.00
2015.09.24 06:04:35.636,0.7539,0.75413,3.00,1.00
2015.09.24 06:04:36.766,0.75395,0.75416,1.00,1.12
2015.09.24 06:04:36.818,0.7539,0.75416,1.12,1.87
2015.09.24 06:04:36.920,0.75395,0.75416,1.00,1.12
2015.09.24 06:04:37.073,0.75395,0.75414,1.37,1.37
2015.09.24 06:04:37.579,0.75395,0.75414,1.37,1.37
2015.09.24 06:04:43.190,0.75395,0.75415,1.37,1.12
2015.09.24 06:04:43.342,0.75395,0.75415,1.37,1.00
2015.09.24 06:04:44.021,0.75395,0.75416,1.37,1.37
2015.09.24 06:04:51.983,0.75395,0.75418,1.37,1.12
2015.09.24 06:04:52.085,0.75395,0.75415,1.37,1.00
2015.09.24 06:04:52.590,0.75395,0.75421,1.00,1.87
2015.09.24 06:04:53.652,0.75395,0.75417,1.37,1.12
2015.09.24 06:04:54.876,0.75395,0.75417,1.50,1.12
2015.09.24 06:04:55.385,0.75395,0.75417,1.37,1.12
2015.09.24 06:04:56.916,0.75395,0.75417,1.37,1.12
2015.09.24 06:04:57.118,0.75392,0.75418,1.87,1.12
2015.09.24 06:04:58.162,0.75393,0.75416,1.12,1.12
2015.09.24 06:05:00.401,0.75393,0.75415,1.12,1.00
2015.09.24 06:05:00.907,0.75393,0.75415,1.37,1.00
2015.09.24 06:05:01.440,0.75392,0.75415,1.75,1.00
2015.09.24 06:05:02.999,0.75392,0.75416,1.87,1.12
2015.09.24 06:05:03.526,0.7539,0.75412,1.87,1.12
2015.09.24 06:05:04.124,0.7539,0.75412,1.37,1.12
2015.09.24 06:05:04.532,0.75388,0.75412,1.12,1.75
2015.09.24 06:05:04.634,0.75385,0.75409,2.62,1.12
2015.09.24 06:05:04.736,0.75385,0.75411,1.87,1.12
2015.09.24 06:05:05.553,0.75385,0.75408,1.87,1.00
2015.09.24 06:05:05.604,0.75385,0.75409,1.50,1.12
2015.09.24 06:05:06.138,0.75385,0.75407,1.37,1.37
2015.09.24 06:05:06.463,0.75385,0.75407,1.00,1.12
2015.09.24 06:05:06.615,0.7538,0.75407,1.75,1.12
2015.09.24 06:05:06.716,0.7538,0.75407,1.50,1.12
2015.09.24 06:05:07.195,0.7538,0.75406,2.25,1.12
2015.09.24 06:05:07.498,0.75382,0.75405,1.37,1.75
2015.09.24 06:05:09.631,0.7538,0.75404,1.87,1.12
2015.09.24 06:05:10.377,0.7538,0.75403,1.50,1.12
2015.09.24 06:05:12.827,0.7538,0.75402,1.50,1.00
2015.09.24 06:05:13.599,0.7538,0.75405,1.50,1.12
2015.09.24 06:05:15.648,0.75384,0.75406,1.12,1.37
2015.09.24 06:05:16.674,0.75384,0.75408,1.12,1.87
2015.09.24 06:05:18.132,0.75387,0.7541,1.12,1.87
2015.09.24 06:05:18.970,0.75387,0.7541,1.12,1.87
2015.09.24 06:05:19.481,0.75389,0.75413,1.37,2.25
2015.09.24 06:05:22.097,0.75389,0.75413,1.37,1.37
2015.09.24 06:05:25.392,0.75389,0.75413,2.25,1.37
2015.09.24 06:05:25.816,0.75399,0.75414,1.00,1.37
2015.09.24 06:05:25.867,0.75398,0.75424,1.87,1.12
2015.09.24 06:05:25.969,0.75399,0.75424,1.75,1.00
2015.09.24 06:05:26.323,0.75405,0.75424,1.00,1.00
2015.09.24 06:05:26.677,0.75405,0.75426,1.37,1.12
2015.09.24 06:05:27.217,0.75405,0.75428,1.50,1.12
2015.09.24 06:05:28.939,0.75405,0.75425,1.37,1.37
2015.09.24 06:05:29.702,0.7541,0.75428,1.00,1.12
2015.09.24 06:05:29.854,0.75405,0.75428,1.50,1.12
2015.09.24 06:05:30.207,0.75405,0.75427,1.37,1.12
2015.09.24 06:05:30.790,0.75403,0.75424,1.00,1.00
2015.09.24 06:05:30.891,0.75402,0.75425,1.12,1.12
2015.09.24 06:05:31.396,0.75399,0.75422,1.12,1.00
2015.09.24 06:05:32.123,0.75399,0.75423,1.12,1.12
2015.09.24 06:05:33.725,0.75399,0.75422,1.12,1.00
2015.09.24 06:05:34.241,0.75399,0.75423,2.25,1.37
2015.09.24 06:05:34.645,0.75402,0.75425,1.12,1.37
2015.09.24 06:05:35.631,0.7541,0.75431,1.12,1.95
2015.09.24 06:05:35.682,0.75415,0.75431,1.00,1.12
2015.09.24 06:05:35.884,0.7541,0.75431,1.12,1.12
2015.09.24 06:05:36.747,0.75409,0.75431,1.00,1.12
2015.09.24 06:05:37.264,0.75405,0.75429,1.87,1.37
2015.09.24 06:05:37.864,0.75409,0.75429,1.00,1.37
2015.09.24 06:05:38.864,0.75405,0.75429,1.87,1.37
2015.09.24 06:05:39.410,0.75415,0.75429,1.00,1.37
2015.09.24 06:05:39.822,0.75405,0.75429,3.37,1.12
2015.09.24 06:05:39.924,0.75405,0.75429,3.00,1.12
2015.09.24 06:05:41.364,0.75407,0.75432,1.12,1.75
2015.09.24 06:05:41.466,0.75409,0.75431,1.00,1.50
2015.09.24 06:05:42.159,0.75407,0.75432,1.12,1.75
2015.09.24 06:05:42.562,0.75407,0.75433,1.12,2.25
2015.09.24 06:05:42.766,0.75409,0.7543,1.00,1.37
2015.09.24 06:05:43.069,0.75405,0.75428,1.12,1.12
2015.09.24 06:05:44.039,0.75405,0.75428,1.87,1.12
2015.09.24 06:05:44.581,0.75405,0.75428,1.12,1.12
2015.09.24 06:05:45.431,0.75406,0.75428,1.00,1.12
2015.09.24 06:05:49.544,0.75405,0.75426,1.12,1.12
2015.09.24 06:05:51.875,0.75405,0.75425,1.12,1.00
2015.09.24 06:05:54.538,0.75404,0.75426,1.37,1.12
2015.09.24 06:05:54.906,0.7541,0.75426,1.00,1.12
2015.09.24 06:05:55.793,0.7541,0.75425,1.00,1.00
2015.09.24 06:06:01.286,0.7541,0.75428,1.00,1.12
2015.09.24 06:06:01.795,0.7541,0.75427,1.00,1.00
2015.09.24 06:06:02.297,0.7541,0.75428,1.00,1.12
2015.09.24 06:06:02.917,0.75415,0.75428,1.00,1.37
2015.09.24 06:06:05.263,0.7541,0.75426,1.00,1.00
2015.09.24 06:06:12.537,0.7541,0.75426,1.00,1.37
2015.09.24 06:06:15.664,0.7541,0.75426,1.00,1.12
2015.09.24 06:06:16.145,0.7541,0.75426,1.37,1.00
2015.09.24 06:06:16.779,0.75415,0.75436,1.00,3.00
2015.09.24 06:06:16.830,0.75414,0.75432,1.00,1.00
2015.09.24 06:06:17.348,0.75415,0.75432,1.37,1.00
2015.09.24 06:06:17.652,0.7542,0.75434,1.00,1.00
2015.09.24 06:06:21.450,0.7542,0.75435,1.00,1.12
2015.09.24 06:06:21.552,0.75415,0.75432,1.12,1.00
2015.09.24 06:06:22.384,0.75415,0.75433,1.12,1.12
2015.09.24 06:06:27.560,0.7542,0.75433,1.00,1.12
2015.09.24 06:06:28.047,0.75415,0.75433,1.12,1.12
2015.09.24 06:06:28.876,0.7542,0.75434,1.00,1.12
2015.09.24 06:06:32.479,0.7542,0.75433,1.00,1.12
2015.09.24 06:06:32.785,0.7542,0.75433,1.00,1.87
2015.09.24 06:06:32.887,0.75415,0.75433,1.00,1.12
2015.09.24 06:06:33.877,0.75415,0.75433,1.00,1.12
2015.09.24 06:06:35.776,0.75415,0.75434,1.00,1.12
2015.09.24 06:06:35.827,0.7542,0.75434,1.00,1.12
2015.09.24 06:06:37.680,0.7542,0.75434,1.00,1.87
2015.09.24 06:06:38.707,0.7542,0.75434,1.00,1.87
2015.09.24 06:06:41.351,0.75415,0.75434,1.00,1.87
2015.09.24 06:06:41.653,0.7542,0.75434,1.00,1.12
2015.09.24 06:06:44.071,0.7542,0.75434,1.00,1.12
2015.09.24 06:06:45.016,0.7542,0.75433,1.00,1.00
2015.09.24 06:06:49.113,0.7542,0.75436,1.00,1.12
2015.09.24 06:06:52.239,0.75419,0.75436,1.00,1.87
2015.09.24 06:06:52.289,0.75419,0.75436,1.00,1.87
2015.09.24 06:06:53.086,0.75419,0.75435,1.00,1.75
2015.09.24 06:06:53.611,0.7542,0.75434,1.00,1.12
2015.09.24 06:06:59.306,0.75425,0.75436,1.00,1.12
2015.09.24 06:06:59.358,0.75425,0.75436,1.00,1.37
2015.09.24 06:06:59.409,0.7542,0.75436,1.00,1.37
2015.09.24 06:07:02.589,0.75419,0.75435,1.00,1.00
2015.09.24 06:07:03.121,0.75419,0.75436,1.00,1.12
2015.09.24 06:07:04.339,0.7542,0.75436,1.00,1.12
2015.09.24 06:07:04.841,0.7542,0.75436,1.00,1.37
2015.09.24 06:07:05.363,0.75425,0.75436,1.00,1.37
2015.09.24 06:07:05.515,0.75425,0.7544,1.00,1.50
2015.09.24 06:07:05.717,0.75425,0.75444,1.00,1.87
2015.09.24 06:07:06.344,0.7543,0.75444,1.00,1.37
2015.09.24 06:07:06.790,0.7543,0.75446,1.00,1.00
2015.09.24 06:07:10.876,0.75435,0.75449,1.00,1.12
2015.09.24 06:07:10.928,0.7543,0.75447,1.00,1.00
2015.09.24 06:07:12.750,0.7543,0.75449,1.37,1.00
2015.09.24 06:07:13.272,0.7543,0.7545,1.37,1.37
2015.09.24 06:07:13.625,0.75435,0.7545,1.00,1.37
2015.09.24 06:07:13.810,0.7543,0.7545,1.37,1.37
2015.09.24 06:07:14.214,0.7543,0.7545,1.12,1.37
2015.09.24 06:07:16.545,0.7543,0.7545,1.37,1.37
2015.09.24 06:07:17.539,0.7543,0.7545,1.12,1.37
2015.09.24 06:07:17.641,0.7543,0.7545,1.37,1.37
2015.09.24 06:07:17.742,0.7543,0.7545,1.12,1.37
2015.09.24 06:07:19.997,0.75429,0.7545,1.00,1.37
2015.09.24 06:07:23.264,0.75429,0.7545,1.37,1.37
2015.09.24 06:07:23.720,0.75435,0.75452,1.00,1.50
2015.09.24 06:07:26.090,0.75435,0.75452,1.00,1.50
2015.09.24 06:07:26.141,0.7543,0.75451,1.50,1.37
2015.09.24 06:07:29.385,0.7543,0.75449,1.12,1.37
2015.09.24 06:07:31.308,0.7543,0.7545,1.00,1.37
2015.09.24 06:07:36.343,0.7543,0.75447,1.00,1.12
2015.09.24 06:07:37.130,0.7543,0.75447,1.00,1.12
2015.09.24 06:07:37.739,0.7543,0.75447,1.00,1.12
2015.09.24 06:07:38.326,0.7543,0.75447,1.00,1.50
2015.09.24 06:07:40.959,0.7543,0.7545,1.37,1.37
2015.09.24 06:07:42.189,0.7543,0.7545,1.12,1.37
2015.09.24 06:07:42.696,0.7543,0.7545,1.37,1.37
2015.09.24 06:07:44.418,0.75435,0.7545,1.00,1.37
2015.09.24 06:07:44.598,0.7543,0.7545,1.37,1.37
2015.09.24 06:07:45.736,0.75434,0.7545,1.00,1.37
2015.09.24 06:07:52.316,0.75429,0.7545,1.37,1.37
2015.09.24 06:07:52.974,0.75429,0.7545,1.37,1.37
2015.09.24 06:07:57.991,0.75429,0.75448,1.37,1.37
2015.09.24 06:07:59.407,0.7543,0.75448,1.00,1.12
2015.09.24 06:08:00.911,0.7543,0.75445,1.00,1.00
2015.09.24 06:08:01.904,0.7543,0.75446,1.00,1.12
2015.09.24 06:08:02.410,0.7543,0.75445,1.00,1.00
2015.09.24 06:08:05.756,0.7543,0.75447,1.00,1.00
2015.09.24 06:08:09.389,0.75434,0.75448,1.00,1.37
2015.09.24 06:08:09.857,0.7543,0.75449,1.37,1.12
2015.09.24 06:08:11.108,0.75435,0.75449,1.00,1.12
2015.09.24 06:08:12.611,0.7543,0.75449,1.37,1.12
2015.09.24 06:08:15.223,0.75435,0.75449,1.00,1.12
2015.09.24 06:08:15.325,0.7543,0.7545,1.37,1.12
2015.09.24 06:08:15.729,0.7543,0.7545,1.37,1.12
2015.09.24 06:08:16.760,0.7543,0.7545,1.37,1.12
2015.09.24 06:08:17.433,0.7543,0.7545,1.37,1.12
2015.09.24 06:08:17.888,0.75434,0.75451,1.12,1.00
2015.09.24 06:08:18.430,0.75435,0.75451,1.00,1.00
2015.09.24 06:08:20.076,0.75435,0.75453,1.37,1.12
2015.09.24 06:08:20.228,0.75435,0.75455,1.37,1.12
2015.09.24 06:08:20.792,0.75435,0.75455,1.37,1.12
2015.09.24 06:08:22.153,0.75435,0.75455,1.37,1.12
2015.09.24 06:08:22.356,0.75432,0.75455,1.12,1.12
2015.09.24 06:08:22.859,0.75432,0.75455,1.12,1.12
2015.09.24 06:08:24.164,0.75432,0.75455,1.12,1.12
2015.09.24 06:08:25.024,0.75432,0.75455,1.12,1.12
2015.09.24 06:08:26.178,0.75435,0.75454,1.12,1.00
2015.09.24 06:08:26.382,0.75435,0.75454,1.37,1.00
2015.09.24 06:08:26.686,0.7544,0.75456,1.00,1.12
2015.09.24 06:08:27.093,0.75445,0.75461,1.00,1.37
2015.09.24 06:08:27.144,0.75446,0.75468,1.00,1.37
2015.09.24 06:08:27.195,0.75446,0.75473,1.87,1.87
2015.09.24 06:08:27.297,0.75448,0.75473,1.00,1.12
2015.09.24 06:08:27.399,0.75449,0.75473,1.37,1.12
2015.09.24 06:08:27.450,0.75449,0.75473,1.50,1.37
2015.09.24 06:08:27.653,0.7545,0.75473,1.50,1.37
2015.09.24 06:08:27.959,0.75452,0.75474,1.87,1.00
2015.09.24 06:08:28.508,0.75455,0.75474,1.00,1.75
2015.09.24 06:08:28.609,0.7545,0.7547,1.37,1.37
2015.09.24 06:08:28.862,0.75455,0.75474,1.00,1.12
2015.09.24 06:08:29.415,0.75455,0.75474,1.00,1.37
2015.09.24 06:08:29.466,0.75455,0.75474,1.00,1.00
2015.09.24 06:08:31.291,0.75455,0.75475,1.12,1.87
2015.09.24 06:08:33.666,0.7546,0.75475,1.00,1.87
2015.09.24 06:08:34.210,0.7546,0.75475,1.00,1.37
2015.09.24 06:08:34.362,0.75455,0.75474,1.12,1.00
2015.09.24 06:08:34.463,0.75455,0.75474,1.12,1.12
2015.09.24 06:08:35.507,0.75455,0.75478,1.87,1.12
2015.09.24 06:08:36.020,0.7546,0.75481,1.00,1.12
2015.09.24 06:08:36.525,0.7546,0.75478,1.00,1.37
2015.09.24 06:08:37.070,0.75455,0.75478,1.37,1.37
2015.09.24 06:08:37.412,0.75455,0.75478,1.37,1.37
2015.09.24 06:08:37.615,0.75455,0.75476,1.37,1.37
2015.09.24 06:08:37.949,0.75455,0.75475,1.12,1.75
2015.09.24 06:08:38.455,0.7545,0.75474,1.87,1.12
2015.09.24 06:08:40.344,0.7545,0.75473,1.75,1.87
2015.09.24 06:08:40.857,0.7545,0.75471,1.37,1.12
2015.09.24 06:08:41.161,0.7545,0.7547,1.12,1.50
2015.09.24 06:08:42.049,0.7545,0.75469,1.00,1.87
2015.09.24 06:08:43.119,0.75445,0.75469,1.87,1.87
2015.09.24 06:08:43.633,0.75445,0.75466,1.37,1.37
2015.09.24 06:08:45.328,0.75445,0.75468,1.87,1.50
2015.09.24 06:08:46.060,0.75445,0.75469,2.25,1.87
2015.09.24 06:08:46.563,0.75445,0.75468,1.87,1.50
2015.09.24 06:08:48.765,0.75445,0.75468,1.12,1.50
2015.09.24 06:08:49.356,0.75445,0.75469,1.75,1.12
2015.09.24 06:08:51.026,0.75445,0.75469,1.87,1.12
2015.09.24 06:08:51.547,0.75445,0.75469,2.25,1.12
2015.09.24 06:08:53.906,0.75445,0.75469,1.87,1.12
2015.09.24 06:08:54.407,0.7545,0.75469,1.00,1.12
2015.09.24 06:08:54.960,0.75445,0.75469,1.87,1.12
2015.09.24 06:08:55.898,0.7545,0.75469,1.00,1.12
2015.09.24 06:08:56.417,0.7545,0.75469,1.00,1.12
2015.09.24 06:08:56.919,0.75446,0.75468,1.87,1.00
2015.09.24 06:08:58.290,0.75446,0.75469,1.50,1.12
2015.09.24 06:08:58.794,0.7545,0.75469,1.37,1.37
2015.09.24 06:08:58.896,0.75455,0.75471,1.00,1.12
2015.09.24 06:08:59.753,0.75455,0.75472,1.00,1.37
2015.09.24 06:08:59.804,0.7545,0.75471,1.12,1.12
2015.09.24 06:09:01.830,0.7545,0.75469,1.12,1.12
2015.09.24 06:09:02.032,0.7545,0.75467,1.00,1.12
2015.09.24 06:09:02.640,0.75449,0.75467,1.00,1.12
2015.09.24 06:09:02.741,0.75445,0.75467,1.37,1.12
2015.09.24 06:09:03.045,0.75445,0.75467,1.00,1.87
2015.09.24 06:09:03.552,0.75444,0.75467,1.12,1.87
2015.09.24 06:09:04.098,0.75444,0.75467,1.50,1.87
2015.09.24 06:09:04.401,0.75444,0.75467,1.50,1.12
2015.09.24 06:09:04.976,0.75444,0.75465,1.50,1.00
2015.09.24 06:09:05.653,0.75445,0.75467,1.37,1.12
2015.09.24 06:09:06.112,0.7545,0.75467,1.00,1.12
2015.09.24 06:09:06.618,0.75445,0.75467,1.37,1.12
2015.09.24 06:09:07.191,0.75445,0.75468,1.37,1.12
2015.09.24 06:09:08.270,0.75445,0.75468,1.50,1.12
2015.09.24 06:09:08.321,0.75445,0.75468,2.25,1.00
2015.09.24 06:09:09.198,0.75446,0.75469,1.37,1.37
2015.09.24 06:09:10.029,0.75449,0.7547,1.37,1.12
2015.09.24 06:09:13.037,0.7545,0.75471,1.37,1.12
2015.09.24 06:09:13.523,0.7545,0.75471,1.37,1.00
2015.09.24 06:09:14.635,0.7545,0.75473,1.50,1.12
2015.09.24 06:09:14.788,0.75455,0.75473,1.12,1.00
2015.09.24 06:09:15.300,0.75455,0.75475,1.37,1.12
2015.09.24 06:09:15.603,0.75455,0.75477,1.37,1.12
2015.09.24 06:09:16.384,0.75455,0.75475,1.37,1.37
2015.09.24 06:09:17.137,0.75455,0.75477,1.50,1.12
2015.09.24 06:09:17.690,0.75455,0.75474,1.37,1.00
2015.09.24 06:09:17.892,0.75455,0.75477,2.25,1.00
2015.09.24 06:09:18.267,0.75456,0.75477,1.50,1.00
2015.09.24 06:09:18.570,0.7546,0.75477,1.12,1.00
2015.09.24 06:09:19.808,0.75459,0.75478,1.37,1.37
2015.09.24 06:09:20.010,0.7546,0.75481,1.37,1.12
2015.09.24 06:09:20.555,0.7546,0.75481,1.37,1.12
2015.09.24 06:09:21.548,0.7546,0.75481,1.37,1.12
2015.09.24 06:09:22.455,0.7546,0.75481,1.37,1.12
2015.09.24 06:09:23.220,0.75459,0.7548,1.37,1.00
2015.09.24 06:09:23.523,0.7546,0.75481,1.37,1.12
2015.09.24 06:09:24.106,0.7546,0.75483,1.00,1.12
2015.09.24 06:09:24.525,0.7546,0.75481,1.00,1.12
2015.09.24 06:09:24.828,0.75455,0.75474,1.00,1.87
2015.09.24 06:09:25.130,0.7545,0.75473,1.00,1.12
2015.09.24 06:09:25.382,0.75455,0.75472,1.00,1.75
2015.09.24 06:09:25.756,0.7545,0.75472,1.00,1.75
2015.09.24 06:09:26.337,0.7545,0.75469,1.12,1.12
2015.09.24 06:09:26.675,0.7545,0.75469,1.00,1.12
2015.09.24 06:09:28.258,0.7545,0.75469,1.00,1.12
2015.09.24 06:09:28.460,0.75445,0.75468,1.87,1.50
2015.09.24 06:09:28.561,0.7545,0.75467,1.00,1.75
2015.09.24 06:09:29.340,0.75445,0.75466,1.37,1.12
2015.09.24 06:09:29.936,0.7545,0.75466,1.00,1.12
2015.09.24 06:09:29.987,0.75445,0.75466,1.37,1.12
2015.09.24 06:09:30.215,0.7545,0.75466,1.00,1.12
2015.09.24 06:09:30.419,0.75445,0.75466,1.37,1.12
2015.09.24 06:09:30.923,0.75445,0.75466,1.37,1.12
2015.09.24 06:09:31.647,0.75445,0.75466,1.12,1.12
2015.09.24 06:09:32.497,0.75445,0.75466,1.37,1.12
2015.09.24 06:09:32.598,0.75445,0.75466,1.37,1.12
2015.09.24 06:09:32.750,0.7545,0.75466,1.00,1.12
2015.09.24 06:09:34.177,0.75445,0.75466,1.37,1.12
2015.09.24 06:09:34.944,0.75445,0.75466,1.37,1.12
2015.09.24 06:09:34.997,0.7545,0.75466,1.00,1.12
2015.09.24 06:09:35.888,0.7545,0.75465,1.00,1.00
2015.09.24 06:09:36.721,0.7545,0.75469,1.00,1.12
2015.09.24 06:09:37.467,0.75449,0.75469,1.37,1.12
2015.09.24 06:09:37.771,0.75455,0.75469,1.00,1.12
2015.09.24 06:09:38.989,0.7545,0.75469,1.12,1.12
2015.09.24 06:09:40.394,0.7545,0.75468,1.37,1.00
2015.09.24 06:09:40.445,0.75455,0.75468,1.00,1.00
2015.09.24 06:09:40.679,0.7545,0.75469,1.12,1.12
2015.09.24 06:09:41.181,0.7545,0.75469,1.37,1.12
2015.09.24 06:09:41.333,0.75454,0.75469,1.00,1.12
2015.09.24 06:09:41.921,0.75454,0.75469,1.00,1.37
2015.09.24 06:09:42.738,0.75455,0.7547,1.00,1.12
2015.09.24 06:09:42.789,0.75455,0.7547,1.00,1.00
2015.09.24 06:09:43.672,0.75455,0.75472,1.00,1.12
2015.09.24 06:09:44.191,0.75455,0.75472,1.00,1.87
2015.09.24 06:09:46.426,0.75455,0.75472,1.00,1.12
2015.09.24 06:09:47.346,0.75449,0.75472,1.50,1.12
2015.09.24 06:09:47.822,0.7545,0.75472,1.12,2.25
2015.09.24 06:09:48.338,0.75449,0.75471,1.50,1.75
2015.09.24 06:09:48.915,0.7545,0.75472,1.00,2.25
2015.09.24 06:09:50.239,0.75449,0.7547,1.87,1.12
2015.09.24 06:09:50.742,0.75454,0.75472,1.12,1.12
2015.09.24 06:09:51.063,0.75454,0.75472,1.12,1.37
2015.09.24 06:09:51.525,0.75455,0.75474,1.37,1.12
2015.09.24 06:09:51.627,0.75455,0.75475,1.37,1.37
2015.09.24 06:09:51.779,0.7546,0.75478,1.00,1.12
2015.09.24 06:09:52.326,0.75459,0.75477,1.00,1.00
2015.09.24 06:09:52.870,0.75456,0.75478,1.37,1.37
2015.09.24 06:09:53.688,0.75456,0.75479,1.37,1.12
2015.09.24 06:09:54.326,0.75455,0.75478,3.00,1.37
2015.09.24 06:09:56.436,0.75456,0.75479,1.37,1.12
2015.09.24 06:10:00.274,0.75456,0.75477,1.50,1.00
2015.09.24 06:10:00.844,0.75455,0.75472,1.00,1.12
2015.09.24 06:10:01.350,0.75455,0.75471,1.00,1.00
2015.09.24 06:10:01.868,0.75455,0.75475,1.12,1.12
2015.09.24 06:10:02.278,0.75454,0.75477,1.87,1.00
2015.09.24 06:10:02.662,0.75455,0.75478,1.87,1.37
2015.09.24 06:10:02.988,0.7546,0.75479,1.37,1.12
2015.09.24 06:10:03.039,0.7546,0.75479,1.37,1.00
2015.09.24 06:10:03.090,0.75465,0.7548,1.00,1.37
2015.09.24 06:10:04.118,0.75465,0.7548,1.00,1.87
2015.09.24 06:10:04.445,0.75455,0.75477,1.37,1.12
2015.09.24 06:10:04.597,0.75455,0.75476,1.37,1.37
2015.09.24 06:10:04.900,0.75456,0.75478,1.12,1.00
2015.09.24 06:10:04.951,0.75465,0.75478,1.00,1.00
2015.09.24 06:10:05.391,0.75465,0.75484,1.00,1.50
2015.09.24 06:10:07.920,0.75464,0.75485,1.00,1.75
2015.09.24 06:10:08.904,0.75465,0.75484,1.00,1.50
2015.09.24 06:10:10.813,0.75465,0.75484,1.00,1.87
2015.09.24 06:10:11.717,0.75465,0.7548,1.00,1.12
2015.09.24 06:10:11.768,0.7546,0.7548,1.00,1.12
2015.09.24 06:10:12.600,0.75459,0.75475,1.00,1.12
2015.09.24 06:10:13.139,0.7546,0.75474,1.00,1.00
2015.09.24 06:10:13.341,0.75455,0.75475,1.37,1.37
2015.09.24 06:10:13.604,0.7546,0.75478,1.00,1.87
2015.09.24 06:10:13.858,0.7546,0.75481,1.00,1.75
2015.09.24 06:10:14.513,0.7546,0.75482,1.12,1.50
2015.09.24 06:10:14.615,0.7546,0.75483,1.12,1.37
2015.09.24 06:10:15.746,0.7546,0.75482,1.50,1.00
2015.09.24 06:10:16.187,0.75465,0.75482,1.00,1.00
2015.09.24 06:10:16.288,0.7546,0.75482,1.50,1.00
2015.09.24 06:10:16.339,0.7546,0.75483,1.50,1.87
2015.09.24 06:10:16.844,0.7546,0.75482,1.50,1.00
2015.09.24 06:10:18.147,0.75465,0.75483,1.00,1.37
2015.09.24 06:10:18.760,0.75464,0.75485,1.37,1.12
2015.09.24 06:10:19.575,0.75465,0.75487,1.12,1.00
2015.09.24 06:10:19.626,0.7547,0.75488,1.00,1.87
2015.09.24 06:10:19.729,0.75465,0.75488,1.87,1.12
2015.09.24 06:10:19.780,0.75465,0.75487,1.87,1.00
2015.09.24 06:10:20.083,0.75466,0.75488,1.50,1.12
2015.09.24 06:10:20.414,0.7547,0.75488,1.00,1.12
2015.09.24 06:10:20.859,0.75465,0.75488,1.87,1.12
2015.09.24 06:10:21.118,0.7547,0.75488,1.00,1.12
2015.09.24 06:10:21.372,0.75465,0.75488,1.37,1.12
2015.09.24 06:10:21.574,0.75466,0.75489,1.50,1.12
2015.09.24 06:10:22.407,0.75466,0.75488,1.00,1.12
2015.09.24 06:10:22.976,0.75465,0.75486,1.12,1.37
2015.09.24 06:10:24.663,0.75465,0.75486,1.37,1.37
2015.09.24 06:10:26.790,0.75465,0.75487,1.37,1.12
2015.09.24 06:10:27.600,0.75465,0.75487,1.37,1.12
2015.09.24 06:10:29.060,0.75465,0.75487,1.37,1.12
2015.09.24 06:10:30.070,0.75465,0.75489,1.37,1.12
2015.09.24 06:10:30.171,0.7547,0.75489,1.00,1.37
2015.09.24 06:10:30.373,0.75474,0.75489,1.00,1.37
2015.09.24 06:10:30.676,0.75475,0.75495,1.00,2.25
2015.09.24 06:10:31.845,0.75465,0.75482,1.75,1.37
2015.09.24 06:10:31.897,0.75465,0.75482,1.00,1.75
2015.09.24 06:10:33.199,0.75465,0.75483,1.00,1.12
2015.09.24 06:10:34.823,0.75466,0.75486,1.00,1.37
2015.09.24 06:10:35.027,0.7547,0.75488,1.00,1.12
2015.09.24 06:10:36.516,0.7547,0.75487,1.00,1.00
2015.09.24 06:10:37.050,0.7547,0.7549,1.50,1.75
2015.09.24 06:10:37.102,0.7547,0.75493,1.50,1.12
2015.09.24 06:10:39.321,0.7547,0.75493,1.50,1.12
2015.09.24 06:10:39.894,0.7547,0.75493,1.50,1.12
2015.09.24 06:10:40.451,0.7547,0.75493,1.50,1.12
2015.09.24 06:10:43.059,0.7547,0.75493,1.50,1.12
2015.09.24 06:10:43.262,0.75475,0.75493,1.00,1.12
2015.09.24 06:10:44.161,0.75474,0.75495,1.37,1.12
2015.09.24 06:10:44.547,0.75479,0.75495,1.00,1.50
2015.09.24 06:10:44.875,0.7548,0.75495,1.00,1.50
2015.09.24 06:10:45.927,0.75475,0.75495,1.12,1.50
2015.09.24 06:10:45.978,0.75475,0.75495,1.00,1.87
2015.09.24 06:10:46.779,0.75474,0.75492,1.00,1.12
2015.09.24 06:10:47.330,0.75475,0.75492,1.00,1.12
2015.09.24 06:10:47.632,0.75475,0.75494,1.00,1.12
2015.09.24 06:10:47.684,0.75474,0.75494,1.37,1.00
2015.09.24 06:10:48.135,0.75475,0.75496,1.50,1.00
2015.09.24 06:10:48.186,0.75475,0.75496,1.50,1.00
2015.09.24 06:10:48.389,0.75475,0.75499,1.12,1.12
2015.09.24 06:10:48.946,0.75475,0.75499,1.00,1.12
2015.09.24 06:10:52.404,0.75475,0.755,1.75,1.75
2015.09.24 06:10:52.456,0.75478,0.75501,1.00,1.87
2015.09.24 06:10:52.910,0.75475,0.755,1.87,1.12
2015.09.24 06:10:53.011,0.75475,0.75496,1.50,1.00
2015.09.24 06:10:53.113,0.75475,0.75496,1.50,1.00
2015.09.24 06:10:53.746,0.75475,0.75497,1.50,1.12
2015.09.24 06:10:53.898,0.75475,0.75497,1.50,1.37
2015.09.24 06:10:54.209,0.7548,0.755,1.00,1.12
2015.09.24 06:10:54.360,0.75476,0.755,1.12,1.12
2015.09.24 06:10:54.412,0.75475,0.75501,1.75,1.75
2015.09.24 06:10:55.451,0.7548,0.755,1.00,1.12
2015.09.24 06:10:56.623,0.75481,0.75506,1.75,1.12
2015.09.24 06:10:56.829,0.7548,0.75504,1.87,1.75
2015.09.24 06:10:57.235,0.7548,0.75501,1.12,1.12
2015.09.24 06:10:58.237,0.7548,0.75501,1.37,1.12
2015.09.24 06:10:58.338,0.75485,0.75501,1.00,1.37
2015.09.24 06:10:58.439,0.75485,0.75503,1.00,1.00
2015.09.24 06:10:58.541,0.75484,0.75504,1.00,1.12
2015.09.24 06:10:58.743,0.75485,0.75503,1.00,1.00
2015.09.24 06:10:59.552,0.75486,0.75507,1.00,1.37
2015.09.24 06:10:59.831,0.75486,0.75507,1.37,1.37
2015.09.24 06:11:00.342,0.75486,0.75507,1.00,1.37
2015.09.24 06:11:01.057,0.75488,0.7551,1.00,1.12
2015.09.24 06:11:01.562,0.75488,0.75506,1.00,1.00
2015.09.24 06:11:01.613,0.75488,0.75505,1.00,1.12
2015.09.24 06:11:01.714,0.75485,0.75502,1.00,1.12
2015.09.24 06:11:01.866,0.75481,0.75502,1.00,1.12
2015.09.24 06:11:02.852,0.75481,0.755,1.00,1.12
2015.09.24 06:11:06.050,0.75487,0.75503,1.00,1.00
2015.09.24 06:11:06.101,0.75487,0.75511,1.00,1.12
2015.09.24 06:11:06.456,0.75487,0.75511,1.12,1.12
2015.09.24 06:11:06.507,0.7549,0.75511,1.00,1.12
2015.09.24 06:11:07.031,0.75489,0.75511,1.00,1.12
2015.09.24 06:11:07.647,0.7549,0.7551,1.87,1.12
2015.09.24 06:11:08.129,0.75495,0.7551,1.00,1.12
2015.09.24 06:11:08.483,0.75491,0.75508,1.00,1.00
2015.09.24 06:11:08.982,0.75495,0.75513,1.00,1.50
2015.09.24 06:11:09.044,0.75495,0.75514,1.00,1.12
2015.09.24 06:11:09.549,0.75492,0.75514,1.37,1.12
2015.09.24 06:11:10.010,0.75495,0.75513,1.87,1.00
2015.09.24 06:11:10.999,0.755,0.75513,1.00,1.00
2015.09.24 06:11:11.372,0.755,0.75518,1.00,1.12
2015.09.24 06:11:12.173,0.755,0.75518,1.00,1.00
2015.09.24 06:11:12.572,0.755,0.7552,1.00,1.12
2015.09.24 06:11:12.774,0.75497,0.75518,1.00,1.12
2015.09.24 06:11:12.876,0.755,0.75518,1.00,1.12
2015.09.24 06:11:13.695,0.755,0.75517,1.00,1.00
2015.09.24 06:11:16.724,0.755,0.75518,1.00,1.00
2015.09.24 06:11:18.289,0.755,0.75521,1.87,1.87
2015.09.24 06:11:18.766,0.75502,0.75521,1.00,1.12
2015.09.24 06:11:19.866,0.75503,0.75524,1.00,1.37
2015.09.24 06:11:21.752,0.75502,0.75524,1.12,1.37
2015.09.24 06:11:22.700,0.75501,0.75525,1.87,2.25
2015.09.24 06:11:23.236,0.75502,0.75526,1.87,1.87
2015.09.24 06:11:23.740,0.75505,0.75526,1.12,1.50
2015.09.24 06:11:23.992,0.7551,0.75529,1.00,1.50
2015.09.24 06:11:24.144,0.7551,0.75531,1.00,1.87
2015.09.24 06:11:25.046,0.75506,0.75531,2.25,1.87
2015.09.24 06:11:25.198,0.75506,0.7553,2.25,1.12
2015.09.24 06:11:25.803,0.75506,0.75529,1.75,1.37
2015.09.24 06:11:26.603,0.75508,0.7553,1.12,1.12
2015.09.24 06:11:26.704,0.75512,0.75532,1.00,1.75
2015.09.24 06:11:26.806,0.75513,0.75535,1.12,1.12
2015.09.24 06:11:26.857,0.75513,0.75535,1.37,1.00
2015.09.24 06:11:26.907,0.75515,0.75538,1.00,1.12
2015.09.24 06:11:27.059,0.75515,0.75538,1.50,1.00
2015.09.24 06:11:27.362,0.75519,0.75541,1.50,1.50
2015.09.24 06:11:28.321,0.7552,0.75542,1.87,1.75
2015.09.24 06:11:28.749,0.7552,0.75542,1.87,1.12
2015.09.24 06:11:30.458,0.7552,0.75542,2.25,1.12
2015.09.24 06:11:30.990,0.7552,0.75542,1.87,1.12
2015.09.24 06:11:31.426,0.7552,0.75542,1.87,1.12
2015.09.24 06:11:31.832,0.75518,0.75541,1.75,1.37
2015.09.24 06:11:31.984,0.75518,0.75538,1.00,1.50
2015.09.24 06:11:32.035,0.75518,0.75538,1.00,1.50
2015.09.24 06:11:32.797,0.75518,0.75542,2.62,1.87
2015.09.24 06:11:33.326,0.75519,0.75542,1.00,1.87
2015.09.24 06:11:34.511,0.7552,0.75542,1.00,1.87
2015.09.24 06:11:35.231,0.7552,0.75542,1.12,1.87
2015.09.24 06:11:35.736,0.75519,0.75542,1.50,2.25
2015.09.24 06:11:36.320,0.7552,0.75542,1.00,2.25
2015.09.24 06:11:36.921,0.75519,0.75541,1.50,1.50
2015.09.24 06:11:38.352,0.75519,0.75541,1.12,1.87
2015.09.24 06:11:39.727,0.75518,0.75541,2.25,1.50
2015.09.24 06:11:40.265,0.75518,0.75539,1.00,1.87
2015.09.24 06:11:41.628,0.75519,0.75539,1.00,1.12
2015.09.24 06:11:42.144,0.7552,0.75539,1.00,1.12
2015.09.24 06:11:42.677,0.75521,0.75539,1.00,1.37
2015.09.24 06:11:43.059,0.75519,0.75539,1.00,1.12
2015.09.24 06:11:43.365,0.75518,0.75538,1.00,1.37
2015.09.24 06:11:43.467,0.75516,0.75536,2.25,1.00
2015.09.24 06:11:43.770,0.75519,0.75537,1.00,1.12
2015.09.24 06:11:43.821,0.75519,0.75539,1.00,1.12
2015.09.24 06:11:44.502,0.75519,0.75542,1.00,1.12
2015.09.24 06:11:44.553,0.75521,0.75542,1.00,1.12
2015.09.24 06:11:44.826,0.75521,0.75542,1.00,1.37
2015.09.24 06:11:44.978,0.75523,0.75541,1.00,1.00
2015.09.24 06:11:45.715,0.75524,0.75545,1.00,1.12
2015.09.24 06:11:46.265,0.75522,0.75544,1.50,1.37
2015.09.24 06:11:46.864,0.75522,0.75545,1.87,1.12
2015.09.24 06:11:48.587,0.75521,0.75545,1.87,2.25
2015.09.24 06:11:49.145,0.75522,0.75544,1.50,1.37
2015.09.24 06:11:49.487,0.75522,0.75545,1.87,1.12
2015.09.24 06:11:50.007,0.75523,0.75545,2.25,1.12
2015.09.24 06:11:50.209,0.75524,0.75547,1.50,1.75
2015.09.24 06:11:50.725,0.75525,0.75547,1.50,1.50
2015.09.24 06:11:53.544,0.75527,0.75548,1.00,1.12
2015.09.24 06:11:54.087,0.75528,0.75548,1.00,1.12
2015.09.24 06:11:55.083,0.75528,0.75551,1.50,1.75
2015.09.24 06:11:56.055,0.75529,0.75551,1.00,1.75
2015.09.24 06:11:56.711,0.75527,0.75548,1.50,1.37
2015.09.24 06:11:57.298,0.75527,0.75548,1.12,1.37
2015.09.24 06:11:57.451,0.7553,0.7555,1.50,1.00
2015.09.24 06:11:57.875,0.75533,0.75556,1.12,1.75
2015.09.24 06:11:58.482,0.75531,0.75554,1.12,1.12
2015.09.24 06:11:59.389,0.7553,0.75552,2.25,1.37
2015.09.24 06:11:59.893,0.7553,0.7555,2.25,1.37
2015.09.24 06:12:01.375,0.7553,0.7555,1.37,1.37
2015.09.24 06:12:01.843,0.7553,0.7555,1.50,1.50
2015.09.24 06:12:01.995,0.75531,0.75554,1.50,1.87
2015.09.24 06:12:02.046,0.75531,0.75554,1.87,1.87
2015.09.24 06:12:02.623,0.75534,0.75554,1.00,1.12
2015.09.24 06:12:03.128,0.75534,0.75554,1.00,1.37
2015.09.24 06:12:04.856,0.75533,0.75554,1.50,1.37
2015.09.24 06:12:05.159,0.75534,0.75556,1.87,1.50
2015.09.24 06:12:06.049,0.75533,0.75554,1.12,1.00
2015.09.24 06:12:06.606,0.75533,0.75554,1.87,1.00
2015.09.24 06:12:07.455,0.75533,0.75555,1.87,1.12
2015.09.24 06:12:09.312,0.75533,0.75555,1.00,1.12
2015.09.24 06:12:10.015,0.75533,0.75555,1.00,1.75
2015.09.24 06:12:10.390,0.7553,0.75551,1.50,1.00
2015.09.24 06:12:10.795,0.75532,0.75557,1.12,1.12
2015.09.24 06:12:11.200,0.75533,0.75557,1.00,1.12
2015.09.24 06:12:11.301,0.75533,0.75557,1.00,1.12
2015.09.24 06:12:11.824,0.75533,0.75557,1.00,1.12
2015.09.24 06:12:12.235,0.75536,0.75557,1.00,1.12
2015.09.24 06:12:13.454,0.75537,0.75554,1.00,1.00
2015.09.24 06:12:13.658,0.75538,0.75556,1.00,1.00
2015.09.24 06:12:13.860,0.75538,0.7556,2.25,1.12
2015.09.24 06:12:15.265,0.75538,0.7556,2.25,1.12
2015.09.24 06:12:16.025,0.75538,0.7556,1.12,1.12
2015.09.24 06:12:17.205,0.75538,0.75557,1.00,1.00
2015.09.24 06:12:17.508,0.75538,0.75558,2.25,1.00
2015.09.24 06:12:17.610,0.7554,0.75563,1.75,1.12
2015.09.24 06:12:17.712,0.75543,0.75563,1.37,1.00
2015.09.24 06:12:18.205,0.75547,0.75565,1.00,1.00
2015.09.24 06:12:18.308,0.75547,0.75569,1.50,1.12
2015.09.24 06:12:18.616,0.75547,0.75569,1.00,1.12
2015.09.24 06:12:19.117,0.75547,0.75569,1.00,1.75
2015.09.24 06:12:20.203,0.75546,0.75569,1.87,1.12
2015.09.24 06:12:20.722,0.75546,0.75569,1.87,1.12
2015.09.24 06:12:21.326,0.75546,0.75569,1.87,1.12
2015.09.24 06:12:21.901,0.75547,0.75569,1.00,1.75
2015.09.24 06:12:22.213,0.75546,0.75568,1.50,1.12
2015.09.24 06:12:22.937,0.75546,0.75568,1.50,1.12
2015.09.24 06:12:23.343,0.75543,0.75564,1.37,1.12
2015.09.24 06:12:23.394,0.75543,0.75563,1.00,1.37
2015.09.24 06:12:23.495,0.75541,0.75562,1.12,1.12
2015.09.24 06:12:23.849,0.75541,0.75562,1.00,1.12
2015.09.24 06:12:24.101,0.75541,0.75565,1.50,2.62
2015.09.24 06:12:24.783,0.75543,0.75565,1.00,1.12
2015.09.24 06:12:24.887,0.75543,0.75567,2.25,1.75
2015.09.24 06:12:25.393,0.75545,0.75567,1.00,1.12
2015.09.24 06:12:25.931,0.75546,0.75567,1.00,1.12
2015.09.24 06:12:26.818,0.75546,0.75567,1.12,1.12
2015.09.24 06:12:28.842,0.75546,0.75568,1.50,1.12
2015.09.24 06:12:29.155,0.75551,0.75573,1.50,1.75
2015.09.24 06:12:29.661,0.75551,0.75572,1.50,1.37
2015.09.24 06:12:30.487,0.75548,0.75572,1.87,1.12
2015.09.24 06:12:31.011,0.75548,0.75572,1.87,1.12
2015.09.24 06:12:32.165,0.75548,0.75572,1.87,1.12
2015.09.24 06:12:32.317,0.75548,0.7557,1.50,1.12
2015.09.24 06:12:33.662,0.75548,0.75571,1.50,1.12
2015.09.24 06:12:33.713,0.75548,0.75572,2.25,1.12
2015.09.24 06:12:33.966,0.75551,0.75573,1.87,1.37
2015.09.24 06:12:34.067,0.75553,0.75573,1.00,1.37
2015.09.24 06:12:34.576,0.75553,0.75575,1.12,1.50
2015.09.24 06:12:35.083,0.75553,0.75576,2.25,1.75
2015.09.24 06:12:37.863,0.75554,0.75576,1.37,1.75
2015.09.24 06:12:38.387,0.75554,0.75576,1.12,1.75
2015.09.24 06:12:39.227,0.75553,0.75575,1.50,1.37
2015.09.24 06:12:39.530,0.75551,0.75575,1.87,1.12
2015.09.24 06:12:39.783,0.75548,0.75572,1.75,1.50
2015.09.24 06:12:39.885,0.75546,0.7557,1.75,1.50
2015.09.24 06:12:39.986,0.75546,0.75569,1.50,1.75
2015.09.24 06:12:40.670,0.75546,0.75571,3.00,1.12
2015.09.24 06:12:40.999,0.75546,0.7557,3.37,1.37
2015.09.24 06:12:41.414,0.75546,0.7557,2.62,1.12
2015.09.24 06:12:41.667,0.75546,0.75567,1.12,1.37
2015.09.24 06:12:42.778,0.75546,0.75567,1.12,1.12
2015.09.24 06:12:43.318,0.75546,0.75567,1.12,1.12
2015.09.24 06:12:44.487,0.75546,0.75561,1.12,1.50
2015.09.24 06:12:44.538,0.7554,0.75561,1.00,1.87
2015.09.24 06:12:44.775,0.75541,0.75563,1.37,1.12
2015.09.24 06:12:44.826,0.75541,0.75564,1.50,1.12
2015.09.24 06:12:45.385,0.75542,0.75564,1.00,1.12
2015.09.24 06:12:45.494,0.75542,0.75564,1.12,1.75
2015.09.24 06:12:46.250,0.75541,0.75561,1.00,1.12
2015.09.24 06:12:46.776,0.75542,0.75562,1.00,1.12
2015.09.24 06:12:48.503,0.75542,0.75563,1.37,1.12
2015.09.24 06:12:48.553,0.75545,0.75563,1.00,1.00
2015.09.24 06:12:48.654,0.75545,0.75567,1.12,1.12
2015.09.24 06:12:48.857,0.75546,0.75569,1.50,1.12
2015.09.24 06:12:50.489,0.75546,0.75569,1.50,1.75
2015.09.24 06:12:51.025,0.75546,0.75569,1.87,1.12
2015.09.24 06:12:52.935,0.75546,0.75569,1.50,1.75
2015.09.24 06:12:53.331,0.75544,0.75566,1.00,1.12
2015.09.24 06:12:53.435,0.75544,0.75566,1.00,1.12
2015.09.24 06:12:53.638,0.7554,0.75562,1.12,1.12
2015.09.24 06:12:53.739,0.7554,0.75562,1.12,1.75
2015.09.24 06:12:54.256,0.75535,0.75555,1.00,1.12
2015.09.24 06:12:54.560,0.75532,0.75554,1.50,1.12
2015.09.24 06:12:55.061,0.75532,0.75553,1.00,1.12
2015.09.24 06:12:55.217,0.7553,0.75553,1.87,1.75
2015.09.24 06:12:56.285,0.7553,0.7555,1.00,1.37
2015.09.24 06:13:00.635,0.7553,0.7555,1.00,1.37
2015.09.24 06:13:01.256,0.7553,0.7555,1.00,1.37
2015.09.24 06:13:01.357,0.7553,0.7555,1.50,1.87
2015.09.24 06:13:02.609,0.75531,0.7555,1.00,1.87
2015.09.24 06:13:03.120,0.7553,0.75554,2.62,2.25
2015.09.24 06:13:03.629,0.75531,0.75554,1.00,2.25
2015.09.24 06:13:04.430,0.75531,0.75554,1.00,2.25
2015.09.24 06:13:04.633,0.75526,0.75549,1.50,1.12
2015.09.24 06:13:04.685,0.75525,0.75547,1.37,1.75
2015.09.24 06:13:04.889,0.75522,0.75544,1.12,1.50
2015.09.24 06:13:04.940,0.75522,0.75543,1.87,1.37
2015.09.24 06:13:05.375,0.75522,0.75543,1.75,1.12
2015.09.24 06:13:05.426,0.7552,0.75543,2.25,1.00
2015.09.24 06:13:05.528,0.7552,0.75543,1.50,1.87
2015.09.24 06:13:06.911,0.7552,0.7554,1.00,1.00
2015.09.24 06:13:07.215,0.7552,0.75541,1.37,1.00
2015.09.24 06:13:07.917,0.75525,0.75544,1.12,1.37
2015.09.24 06:13:08.656,0.75525,0.75547,1.37,1.87
2015.09.24 06:13:10.610,0.75525,0.75546,1.12,1.37
2015.09.24 06:13:11.124,0.75525,0.75547,1.87,1.87
2015.09.24 06:13:11.747,0.75525,0.75547,1.87,1.12
2015.09.24 06:13:13.905,0.75525,0.75547,1.37,1.12
2015.09.24 06:13:14.463,0.75525,0.75547,1.37,1.12
2015.09.24 06:13:15.045,0.75525,0.75547,1.37,1.87
2015.09.24 06:13:16.027,0.75525,0.75547,1.37,1.87
2015.09.24 06:13:16.128,0.75525,0.75545,1.12,1.37
2015.09.24 06:13:16.434,0.75525,0.75545,1.37,1.37
2015.09.24 06:13:16.536,0.75526,0.75547,1.00,1.50
2015.09.24 06:13:16.890,0.75523,0.75546,2.25,1.12
2015.09.24 06:13:17.042,0.75523,0.75545,2.25,1.37
2015.09.24 06:13:17.568,0.75523,0.75544,1.00,1.37
2015.09.24 06:13:17.914,0.75523,0.75543,1.00,1.37
2015.09.24 06:13:18.117,0.7552,0.75544,1.87,1.12
2015.09.24 06:13:18.219,0.7552,0.7554,1.12,1.12
2015.09.24 06:13:18.792,0.75518,0.75539,1.50,1.50
2015.09.24 06:13:19.312,0.75519,0.7554,1.12,1.12
2015.09.24 06:13:19.363,0.75521,0.75539,1.12,1.00
2015.09.24 06:13:20.842,0.75522,0.75543,1.12,1.12
2015.09.24 06:13:21.361,0.75523,0.75543,1.00,1.12
2015.09.24 06:13:21.964,0.75524,0.75543,1.00,1.12
2015.09.24 06:13:22.500,0.75524,0.75542,1.00,1.00
2015.09.24 06:13:22.653,0.75527,0.75545,1.00,1.75
2015.09.24 06:13:23.184,0.75527,0.75546,1.00,1.12
2015.09.24 06:13:23.631,0.75528,0.75548,1.00,1.12
2015.09.24 06:13:23.733,0.75531,0.75547,1.00,1.00
2015.09.24 06:13:24.703,0.75533,0.75553,1.00,1.75
2015.09.24 06:13:26.055,0.7553,0.75554,2.25,1.12
2015.09.24 06:13:26.599,0.75532,0.75554,1.00,1.75
2015.09.24 06:13:27.137,0.75533,0.75554,1.00,1.75
2015.09.24 06:13:27.289,0.75535,0.75554,1.00,1.12
2015.09.24 06:13:27.809,0.75535,0.75554,1.00,1.12
2015.09.24 06:13:28.561,0.75535,0.75553,1.00,1.00
2015.09.24 06:13:28.871,0.75534,0.75554,1.00,1.12
2015.09.24 06:13:31.800,0.75534,0.75554,1.00,1.12
2015.09.24 06:13:32.314,0.75533,0.75554,1.00,1.12
2015.09.24 06:13:34.720,0.75533,0.75554,1.00,1.12
2015.09.24 06:13:38.595,0.75533,0.75554,1.00,1.12
2015.09.24 06:13:39.128,0.75532,0.75554,1.00,1.12
2015.09.24 06:13:39.718,0.75531,0.75552,1.00,1.12
2015.09.24 06:13:40.384,0.75531,0.75551,1.00,1.37
2015.09.24 06:13:40.537,0.75528,0.75549,1.00,1.37
2015.09.24 06:13:40.739,0.75525,0.75548,1.00,1.12
2015.09.24 06:13:41.506,0.75527,0.75548,1.00,1.12
2015.09.24 06:13:42.017,0.75527,0.75548,1.00,1.75
2015.09.24 06:13:42.538,0.75527,0.75547,1.00,1.12
2015.09.24 06:13:43.257,0.75526,0.75546,1.00,1.50
2015.09.24 06:13:43.308,0.75523,0.75546,1.37,1.87
2015.09.24 06:13:44.126,0.75523,0.75546,1.37,1.87
2015.09.24 06:13:44.917,0.75523,0.75544,1.00,1.50
2015.09.24 06:13:45.070,0.75521,0.75544,1.50,1.50
2015.09.24 06:13:45.705,0.75522,0.75544,1.00,1.50
2015.09.24 06:13:46.173,0.75524,0.75544,1.00,1.50
2015.09.24 06:13:47.196,0.75523,0.75544,1.00,1.50
2015.09.24 06:13:47.752,0.75522,0.75544,1.00,1.37
2015.09.24 06:13:48.600,0.75524,0.75544,1.00,1.37
2015.09.24 06:13:49.107,0.75523,0.75544,1.00,1.37
2015.09.24 06:13:49.412,0.75522,0.75543,1.00,1.50
2015.09.24 06:13:50.145,0.75519,0.75542,1.00,1.50
2015.09.24 06:13:50.821,0.75519,0.75542,1.00,2.25
2015.09.24 06:13:50.973,0.75517,0.75538,1.00,1.12
2015.09.24 06:13:51.479,0.75519,0.75538,1.00,1.12
2015.09.24 06:13:51.595,0.75516,0.75538,1.00,1.12
2015.09.24 06:13:51.646,0.75516,0.75536,1.00,1.00
2015.09.24 06:13:51.798,0.75516,0.75541,1.75,2.25
2015.09.24 06:13:52.532,0.75522,0.75543,1.00,1.75
2015.09.24 06:13:52.999,0.75525,0.75543,1.12,1.00
2015.09.24 06:13:53.101,0.75527,0.75548,1.00,1.12
2015.09.24 06:13:53.606,0.75523,0.75548,1.75,1.12
2015.09.24 06:13:54.983,0.75527,0.75548,1.00,1.12
2015.09.24 06:13:55.084,0.7553,0.75548,1.00,1.12
2015.09.24 06:13:55.489,0.75531,0.75552,1.00,1.12
2015.09.24 06:13:55.742,0.75533,0.75554,1.00,1.75
2015.09.24 06:13:56.245,0.75532,0.75554,1.00,1.75
2015.09.24 06:13:56.951,0.75533,0.75553,1.00,1.37
2015.09.24 06:13:57.254,0.75532,0.75553,1.00,1.12
2015.09.24 06:13:57.406,0.7553,0.75551,1.00,1.75
2015.09.24 06:13:58.379,0.75528,0.75549,1.00,1.75
2015.09.24 06:13:58.894,0.75528,0.75548,1.00,1.37
2015.09.24 06:13:59.047,0.75526,0.75548,1.12,1.12
2015.09.24 06:13:59.908,0.75526,0.75548,1.12,1.12
2015.09.24 06:14:00.276,0.75524,0.75546,1.12,1.75
2015.09.24 06:14:00.821,0.75524,0.75546,1.12,1.12
2015.09.24 06:14:01.436,0.75526,0.75546,1.00,1.12
2015.09.24 06:14:01.776,0.75524,0.75546,1.87,1.75
2015.09.24 06:14:02.080,0.7552,0.75541,1.00,1.12
2015.09.24 06:14:02.383,0.75519,0.7554,1.00,1.12
2015.09.24 06:14:02.898,0.75516,0.7554,1.75,1.12
2015.09.24 06:14:02.949,0.75516,0.75538,1.00,1.12
2015.09.24 06:14:03.317,0.75513,0.75537,1.12,1.37
2015.09.24 06:14:03.794,0.75513,0.75535,1.00,1.12
2015.09.24 06:14:04.354,0.75512,0.75535,2.25,1.12
2015.09.24 06:14:05.590,0.75512,0.75535,1.50,1.12
2015.09.24 06:14:05.894,0.75515,0.75535,1.00,1.12
2015.09.24 06:14:06.001,0.75515,0.75534,1.00,1.00
2015.09.24 06:14:07.415,0.75515,0.75538,1.12,2.25
2015.09.24 06:14:08.047,0.75514,0.75536,1.00,1.12
2015.09.24 06:14:08.603,0.75514,0.75536,1.00,1.12
2015.09.24 06:14:08.754,0.75512,0.75536,1.12,1.12
2015.09.24 06:14:08.806,0.75512,0.75535,1.12,1.37
2015.09.24 06:14:09.506,0.75513,0.75535,1.00,1.37
2015.09.24 06:14:10.931,0.7551,0.75531,1.00,1.37
2015.09.24 06:14:11.134,0.75511,0.75532,1.12,1.12
2015.09.24 06:14:11.236,0.75511,0.75532,1.00,1.37
2015.09.24 06:14:11.387,0.75509,0.75532,1.12,1.37
2015.09.24 06:14:11.590,0.75511,0.75532,1.00,1.37
2015.09.24 06:14:12.147,0.7551,0.75532,1.37,1.12
2015.09.24 06:14:12.719,0.75509,0.75532,1.50,1.75
2015.09.24 06:14:13.821,0.75509,0.75531,1.50,1.37
2015.09.24 06:14:14.126,0.75508,0.75531,2.25,1.12
2015.09.24 06:14:14.530,0.75508,0.75531,1.87,1.12
2015.09.24 06:14:15.210,0.75505,0.75529,2.62,1.75
2015.09.24 06:14:15.463,0.75505,0.75526,1.50,1.75
2015.09.24 06:14:16.211,0.75505,0.75525,1.00,1.12
2015.09.24 06:14:16.935,0.75505,0.75525,1.00,1.37
2015.09.24 06:14:17.453,0.75505,0.75526,1.50,1.75
2015.09.24 06:14:19.747,0.75505,0.75525,1.50,1.37
2015.09.24 06:14:20.642,0.75505,0.75525,1.00,1.12
2015.09.24 06:14:21.151,0.75503,0.75525,2.25,1.12
2015.09.24 06:14:22.809,0.75505,0.75525,1.00,1.37
2015.09.24 06:14:23.151,0.75507,0.75526,1.00,1.75
2015.09.24 06:14:23.654,0.75506,0.75526,1.50,1.12
2015.09.24 06:14:24.185,0.75506,0.75526,1.50,1.75
2015.09.24 06:14:24.767,0.75506,0.75526,1.00,1.12
2015.09.24 06:14:25.268,0.75506,0.75526,1.00,1.75
2015.09.24 06:14:25.797,0.75506,0.75526,1.00,1.12
2015.09.24 06:14:26.327,0.75506,0.75526,1.00,1.75
2015.09.24 06:14:26.529,0.75502,0.75524,1.37,1.12
2015.09.24 06:14:26.682,0.75501,0.75523,1.50,1.12
2015.09.24 06:14:27.214,0.75503,0.75523,1.00,1.37
2015.09.24 06:14:27.733,0.75501,0.75523,1.50,1.37
2015.09.24 06:14:28.226,0.75497,0.7552,2.25,1.12
2015.09.24 06:14:29.614,0.75499,0.7552,1.12,1.12
2015.09.24 06:14:32.023,0.75498,0.75519,1.12,1.37
2015.09.24 06:14:32.762,0.75497,0.75517,1.12,1.12
2015.09.24 06:14:33.406,0.75497,0.75517,1.00,1.12
2015.09.24 06:14:34.636,0.75495,0.75517,1.50,1.12
2015.09.24 06:14:36.843,0.75495,0.75517,1.50,1.12
2015.09.24 06:14:37.863,0.75495,0.75517,1.50,1.12
2015.09.24 06:14:38.341,0.75495,0.75517,1.50,1.12
2015.09.24 06:14:38.848,0.75496,0.7552,1.87,1.37
2015.09.24 06:14:39.511,0.75499,0.7552,1.37,1.37
2015.09.24 06:14:41.173,0.75501,0.7552,1.50,1.37
2015.09.24 06:14:41.685,0.75502,0.75521,1.00,1.12
2015.09.24 06:14:42.165,0.75503,0.75521,1.37,1.00
2015.09.24 06:14:42.729,0.75503,0.75522,1.37,1.12
2015.09.24 06:14:43.716,0.75503,0.75522,1.12,1.12
2015.09.24 06:14:44.234,0.75501,0.75522,1.87,1.12
2015.09.24 06:14:47.095,0.75501,0.75522,1.37,1.37
2015.09.24 06:14:47.848,0.75502,0.75521,1.87,1.00
2015.09.24 06:14:48.151,0.75504,0.75525,1.37,1.12
2015.09.24 06:14:52.788,0.75501,0.75524,1.87,1.12
2015.09.24 06:14:53.142,0.75499,0.75522,2.25,1.12
2015.09.24 06:14:53.192,0.75501,0.75522,1.12,1.12
2015.09.24 06:14:53.513,0.755,0.75521,1.00,1.00
2015.09.24 06:14:53.766,0.75499,0.75521,1.12,1.37
2015.09.24 06:14:54.291,0.75498,0.75521,1.00,1.12
2015.09.24 06:14:54.796,0.75497,0.75521,1.12,1.12
2015.09.24 06:14:55.099,0.755,0.75519,1.00,1.12
2015.09.24 06:14:55.627,0.75502,0.75523,1.00,1.12
2015.09.24 06:14:55.931,0.755,0.75523,1.50,1.12
2015.09.24 06:14:56.133,0.75502,0.75523,1.00,1.12
2015.09.24 06:14:56.638,0.75502,0.75525,1.50,1.12
2015.09.24 06:14:57.621,0.755,0.75522,1.00,1.12
2015.09.24 06:14:57.723,0.75498,0.75522,1.00,1.12
2015.09.24 06:14:57.875,0.75502,0.75522,1.00,1.12
2015.09.24 06:14:57.976,0.75502,0.75522,1.00,1.37
2015.09.24 06:14:58.078,0.75502,0.75522,1.00,1.12
2015.09.24 06:14:58.608,0.75492,0.75517,1.50,1.12
2015.09.24 06:14:58.660,0.75492,0.75515,1.12,1.37
2015.09.24 06:14:58.862,0.75494,0.75515,1.00,1.37
2015.09.24 06:14:59.166,0.75496,0.75515,1.00,1.37
2015.09.24 06:14:59.368,0.75498,0.75521,1.00,1.12
2015.09.24 06:14:59.873,0.75495,0.75521,2.25,1.12
2015.09.24 06:14:59.924,0.75497,0.75521,1.00,1.87
2015.09.24 06:15:00.076,0.75495,0.75521,1.00,1.12
2015.09.24 06:15:00.228,0.75496,0.75521,1.12,1.12
2015.09.24 06:15:00.329,0.75502,0.75521,1.00,1.12
2015.09.24 06:15:00.430,0.75501,0.75524,1.87,1.12
2015.09.24 06:15:00.481,0.75505,0.75524,1.00,1.37
2015.09.24 06:15:01.007,0.75505,0.75526,1.50,1.12
2015.09.24 06:15:01.462,0.75502,0.75524,1.00,1.12
2015.09.24 06:15:01.615,0.75499,0.75524,1.12,1.12
2015.09.24 06:15:01.767,0.75501,0.75524,1.00,1.12
2015.09.24 06:15:02.321,0.75502,0.75524,1.00,1.12
2015.09.24 06:15:02.595,0.755,0.75524,1.00,1.12
2015.09.24 06:15:02.999,0.755,0.75522,1.50,1.12
2015.09.24 06:15:03.521,0.755,0.75519,1.00,1.12
2015.09.24 06:15:03.940,0.75498,0.75519,1.00,1.12
2015.09.24 06:15:04.687,0.75498,0.75519,1.00,1.12
2015.09.24 06:15:05.498,0.75498,0.75522,1.75,1.12
2015.09.24 06:15:05.553,0.75498,0.7552,1.87,1.12
2015.09.24 06:15:06.713,0.75498,0.7552,1.12,1.75
2015.09.24 06:15:07.146,0.75495,0.75518,1.12,1.75
2015.09.24 06:15:07.648,0.75495,0.75517,1.12,1.37
2015.09.24 06:15:08.203,0.75495,0.75517,1.12,1.12
2015.09.24 06:15:08.305,0.75493,0.75515,1.87,1.75
2015.09.24 06:15:09.131,0.75493,0.75515,1.87,1.12
2015.09.24 06:15:09.722,0.75493,0.75513,1.00,1.12
2015.09.24 06:15:09.824,0.7549,0.75513,1.50,1.75
2015.09.24 06:15:09.976,0.75492,0.75509,1.00,1.00
2015.09.24 06:15:10.129,0.75492,0.75513,1.00,1.12
2015.09.24 06:15:10.520,0.75492,0.75513,1.00,1.12
2015.09.24 06:15:10.622,0.7549,0.75509,2.25,1.00
2015.09.24 06:15:11.127,0.75491,0.75515,1.50,1.12
2015.09.24 06:15:11.759,0.75493,0.75515,1.00,1.12
2015.09.24 06:15:12.519,0.75493,0.75513,1.00,1.12
2015.09.24 06:15:12.721,0.75491,0.75513,1.00,1.12
2015.09.24 06:15:13.374,0.75491,0.75513,1.00,1.12
2015.09.24 06:15:13.923,0.75491,0.75513,1.00,1.75
2015.09.24 06:15:14.438,0.7549,0.7551,1.00,1.12
2015.09.24 06:15:15.021,0.75489,0.7551,1.00,1.12
2015.09.24 06:15:15.533,0.75489,0.7551,1.00,1.12
2015.09.24 06:15:15.937,0.75489,0.7551,1.00,1.75
2015.09.24 06:15:16.715,0.75488,0.75509,1.00,1.12
2015.09.24 06:15:18.692,0.75488,0.75509,1.00,1.12
2015.09.24 06:15:19.446,0.75488,0.7551,1.87,1.12
2015.09.24 06:15:20.862,0.7549,0.7551,1.00,1.12
2015.09.24 06:15:21.753,0.7549,0.7551,1.00,1.12
2015.09.24 06:15:22.509,0.7549,0.75509,1.50,1.87
2015.09.24 06:15:22.562,0.75485,0.75504,1.00,1.37
2015.09.24 06:15:22.613,0.75483,0.75504,1.50,1.37
2015.09.24 06:15:23.068,0.75486,0.75504,1.00,1.37
2015.09.24 06:15:23.270,0.75486,0.75504,1.00,1.00
2015.09.24 06:15:23.809,0.75485,0.75507,1.50,1.12
2015.09.24 06:15:24.316,0.75485,0.75508,1.50,1.12
2015.09.24 06:15:24.937,0.75485,0.75504,1.50,1.12
2015.09.24 06:15:25.455,0.75487,0.75505,1.00,1.12
2015.09.24 06:15:25.628,0.75487,0.75507,1.00,1.12
2015.09.24 06:15:26.065,0.7549,0.75507,1.00,1.12
2015.09.24 06:15:26.481,0.75487,0.75507,1.00,1.12
2015.09.24 06:15:27.883,0.75486,0.75507,1.00,1.12
2015.09.24 06:15:28.879,0.75487,0.75507,1.00,1.12
2015.09.24 06:15:29.101,0.75489,0.75507,1.00,1.12
2015.09.24 06:15:31.961,0.75488,0.75507,1.00,1.12
2015.09.24 06:15:32.816,0.75488,0.75507,1.00,1.12
2015.09.24 06:15:34.168,0.75488,0.75507,1.00,1.75
2015.09.24 06:15:34.712,0.75487,0.75507,1.00,1.75
2015.09.24 06:15:34.914,0.75485,0.75505,1.00,1.12
2015.09.24 06:15:36.459,0.75486,0.75505,1.00,1.12
2015.09.24 06:15:36.983,0.75486,0.75503,1.00,1.00
2015.09.24 06:15:37.601,0.75487,0.75507,1.00,1.12
2015.09.24 06:15:39.899,0.75487,0.75506,1.12,1.00
2015.09.24 06:15:40.202,0.7549,0.7551,1.00,1.12
2015.09.24 06:15:40.706,0.75491,0.7551,1.00,1.12
2015.09.24 06:15:41.405,0.75489,0.75511,2.25,1.37
2015.09.24 06:15:41.557,0.75488,0.7551,1.00,1.75
2015.09.24 06:15:42.061,0.75487,0.7551,2.25,1.75
2015.09.24 06:15:42.112,0.7549,0.7551,1.00,1.12
2015.09.24 06:15:43.237,0.75487,0.7551,2.25,1.12
2015.09.24 06:15:43.541,0.75487,0.7551,2.25,1.12
2015.09.24 06:15:43.846,0.75489,0.7551,1.00,1.12
2015.09.24 06:15:44.811,0.7549,0.75512,1.12,1.12
2015.09.24 06:15:44.863,0.75492,0.75512,1.00,1.12
2015.09.24 06:15:45.321,0.7549,0.75512,3.00,1.12
2015.09.24 06:15:46.403,0.7549,0.75512,2.62,1.75
2015.09.24 06:15:47.153,0.7549,0.75511,2.62,1.12
2015.09.24 06:15:47.305,0.75487,0.75509,2.25,1.37
2015.09.24 06:15:47.658,0.75487,0.75509,1.87,1.12
2015.09.24 06:15:50.632,0.75486,0.75507,1.00,1.50
2015.09.24 06:15:51.188,0.75486,0.75507,1.00,1.75
2015.09.24 06:15:52.430,0.75486,0.75507,1.00,1.75
2015.09.24 06:15:52.842,0.75483,0.75504,1.50,1.37
2015.09.24 06:15:55.949,0.75483,0.75505,1.37,1.12
2015.09.24 06:15:56.050,0.75485,0.75504,1.50,1.00
2015.09.24 06:15:56.101,0.75487,0.75504,1.00,1.00
2015.09.24 06:15:56.627,0.75488,0.75508,1.00,1.75
2015.09.24 06:15:57.118,0.75486,0.75508,1.87,1.75
2015.09.24 06:15:57.673,0.75486,0.75507,1.50,1.12
2015.09.24 06:15:58.182,0.75486,0.75507,1.00,1.37
2015.09.24 06:15:59.155,0.75486,0.75508,1.00,1.75
2015.09.24 06:15:59.409,0.7549,0.75508,1.12,1.00
2015.09.24 06:15:59.460,0.7549,0.75512,1.50,1.12
2015.09.24 06:16:00.229,0.75493,0.75512,1.00,1.12
2015.09.24 06:16:01.193,0.75493,0.75512,1.00,1.75
2015.09.24 06:16:02.117,0.75492,0.75512,1.00,1.75
2015.09.24 06:16:02.655,0.75492,0.7551,1.00,1.12
2015.09.24 06:16:02.756,0.7549,0.7551,1.00,1.12
2015.09.24 06:16:03.306,0.7549,0.7551,1.00,1.75
2015.09.24 06:16:04.141,0.7549,0.7551,1.00,1.12
2015.09.24 06:16:04.399,0.75489,0.75509,1.00,1.37
2015.09.24 06:16:04.500,0.75487,0.75509,1.12,1.12
2015.09.24 06:16:05.013,0.75486,0.75507,1.00,1.12
2015.09.24 06:16:05.303,0.75489,0.75507,1.00,1.12
2015.09.24 06:16:05.841,0.7549,0.7551,1.00,1.50
2015.09.24 06:16:06.584,0.7549,0.7551,1.00,1.37
2015.09.24 06:16:11.361,0.7549,0.7551,1.00,1.37
2015.09.24 06:16:14.344,0.7549,0.7551,1.00,1.37
2015.09.24 06:16:15.095,0.7549,0.7551,1.00,1.50
2015.09.24 06:16:16.853,0.7549,0.7551,1.00,1.37
2015.09.24 06:16:17.156,0.75491,0.7551,1.12,1.37
2015.09.24 06:16:28.502,0.7549,0.75512,1.00,1.75
2015.09.24 06:16:29.256,0.75491,0.75512,1.00,1.75
2015.09.24 06:16:30.921,0.75491,0.75512,1.87,1.37
2015.09.24 06:16:31.124,0.75494,0.75512,1.00,1.37
2015.09.24 06:16:33.233,0.75494,0.75514,1.37,1.12
2015.09.24 06:16:33.385,0.75495,0.75515,2.62,1.00
2015.09.24 06:16:33.948,0.75497,0.75517,1.37,1.12
2015.09.24 06:16:34.454,0.75497,0.75517,1.00,1.37
2015.09.24 06:16:38.940,0.75497,0.75517,1.37,1.12
2015.09.24 06:16:40.101,0.75497,0.75517,1.37,1.12
2015.09.24 06:16:40.252,0.75498,0.75518,1.37,1.12
2015.09.24 06:16:40.404,0.755,0.75521,1.37,1.37
2015.09.24 06:16:40.914,0.755,0.75521,2.62,1.37
2015.09.24 06:16:41.501,0.75501,0.75524,1.87,1.37
2015.09.24 06:16:41.551,0.75502,0.75524,1.37,1.37
2015.09.24 06:16:43.510,0.75502,0.75522,1.12,1.37
2015.09.24 06:16:44.429,0.755,0.75522,3.37,1.12
2015.09.24 06:16:47.241,0.755,0.75521,2.62,1.00
2015.09.24 06:17:00.008,0.75501,0.75521,1.37,1.00
2015.09.24 06:17:01.305,0.755,0.75523,3.00,1.12
2015.09.24 06:17:01.508,0.755,0.75522,3.00,1.00
2015.09.24 06:17:02.395,0.75507,0.75527,1.37,1.75
2015.09.24 06:17:02.446,0.75507,0.7553,3.00,1.12
2015.09.24 06:17:03.333,0.75508,0.75529,1.87,1.00
2015.09.24 06:17:03.784,0.75512,0.75533,1.37,1.12
2015.09.24 06:17:03.836,0.75512,0.75534,1.37,1.12
2015.09.24 06:17:03.887,0.75512,0.75536,1.87,1.12
2015.09.24 06:17:04.240,0.75516,0.75538,1.50,1.00
2015.09.24 06:17:05.599,0.75527,0.75548,1.37,1.37
2015.09.24 06:17:05.755,0.75527,0.75547,1.37,1.00
2015.09.24 06:17:07.760,0.75526,0.75548,1.50,1.12
2015.09.24 06:17:08.921,0.75525,0.75544,1.12,1.12
2015.09.24 06:17:08.974,0.75522,0.75543,2.25,1.50
2015.09.24 06:17:09.025,0.75522,0.75542,1.12,1.12
2015.09.24 06:17:09.178,0.75517,0.75537,1.37,1.37
2015.09.24 06:17:09.702,0.75514,0.75536,1.37,1.12
2015.09.24 06:17:10.233,0.75513,0.75534,1.37,1.37
2015.09.24 06:17:11.626,0.75513,0.75534,1.37,1.37
2015.09.24 06:17:12.147,0.75513,0.75534,1.12,1.12
2015.09.24 06:17:14.455,0.75511,0.75532,1.37,1.12
2015.09.24 06:17:21.374,0.75514,0.75532,1.37,1.37
2015.09.24 06:17:21.476,0.75514,0.75536,1.50,1.12
2015.09.24 06:17:22.021,0.75516,0.75536,1.37,1.37
2015.09.24 06:17:23.648,0.75516,0.75535,1.12,1.00
2015.09.24 06:17:24.785,0.75516,0.75536,1.00,1.12
2015.09.24 06:17:24.988,0.75512,0.7553,1.87,1.00
2015.09.24 06:17:26.290,0.75512,0.7553,1.12,1.00
2015.09.24 06:17:30.706,0.7551,0.75531,1.37,1.12
2015.09.24 06:17:32.371,0.75509,0.75531,1.87,1.12
2015.09.24 06:17:32.912,0.75508,0.75528,1.37,1.37
2015.09.24 06:17:33.599,0.75507,0.75528,1.87,1.37
2015.09.24 06:17:34.212,0.75511,0.75528,1.00,1.12
2015.09.24 06:17:34.263,0.75509,0.75528,1.00,1.12
2015.09.24 06:17:34.365,0.75506,0.75528,1.12,1.12
2015.09.24 06:17:35.242,0.75506,0.75525,1.37,1.12
2015.09.24 06:17:35.746,0.75506,0.75525,1.37,1.12
2015.09.24 06:17:39.889,0.75507,0.75524,1.00,1.37
2015.09.24 06:17:39.991,0.75505,0.75523,1.12,1.37
2015.09.24 06:17:40.194,0.75501,0.75523,1.87,1.12
2015.09.24 06:17:41.107,0.75502,0.75522,1.37,1.12
2015.09.24 06:17:41.562,0.75502,0.75524,1.37,1.12
2015.09.24 06:17:44.906,0.75503,0.75522,1.00,1.12
2015.09.24 06:17:44.957,0.75501,0.75522,1.12,1.12
2015.09.24 06:17:45.211,0.755,0.7552,1.87,1.12
2015.09.24 06:17:45.312,0.75501,0.75522,1.12,1.12
2015.09.24 06:17:45.566,0.75501,0.75521,1.12,1.00
2015.09.24 06:17:48.180,0.75503,0.75521,1.37,1.00
2015.09.24 06:17:48.231,0.75505,0.75526,1.37,1.12
2015.09.24 06:17:48.332,0.75505,0.75527,1.37,1.12
2015.09.24 06:17:48.836,0.75506,0.75528,1.87,1.12
2015.09.24 06:17:48.938,0.75508,0.75529,1.37,1.12
2015.09.24 06:17:49.723,0.75511,0.75532,1.37,1.12
2015.09.24 06:17:50.318,0.75511,0.7553,1.37,1.37
2015.09.24 06:17:54.657,0.7551,0.75529,1.37,1.00
2015.09.24 06:17:54.707,0.7551,0.7553,1.37,1.12
2015.09.24 06:17:56.563,0.7551,0.75528,1.12,1.37
2015.09.24 06:17:56.866,0.75505,0.75524,1.37,1.37
2015.09.24 06:17:57.382,0.75503,0.75525,1.37,1.12
2015.09.24 06:17:57.433,0.75503,0.75525,1.37,1.12
2015.09.24 06:17:59.299,0.75503,0.75525,1.37,1.12
2015.09.24 06:17:59.842,0.75503,0.75525,1.87,1.12
2015.09.24 06:18:03.590,0.75505,0.75525,1.37,1.12
2015.09.24 06:18:04.590,0.75505,0.75525,1.37,1.12
2015.09.24 06:18:05.466,0.75504,0.75521,1.00,1.12
2015.09.24 06:18:06.246,0.75501,0.7552,1.37,1.12
2015.09.24 06:18:07.822,0.75501,0.75521,1.37,1.12
2015.09.24 06:18:08.483,0.75501,0.75523,1.37,1.12
2015.09.24 06:18:08.585,0.75501,0.75524,2.25,1.12
2015.09.24 06:18:09.580,0.75505,0.75525,1.37,1.12
2015.09.24 06:18:10.337,0.75505,0.75523,1.00,1.00
2015.09.24 06:18:10.389,0.75503,0.75523,1.87,1.12
2015.09.24 06:18:10.933,0.75503,0.75524,1.87,1.12
2015.09.24 06:18:12.915,0.75505,0.75523,1.12,1.12
2015.09.24 06:18:13.218,0.75506,0.75528,1.87,1.12
2015.09.24 06:18:13.721,0.75507,0.75528,1.12,1.12
2015.09.24 06:18:16.511,0.75506,0.75527,1.12,1.37
2015.09.24 06:18:17.031,0.75506,0.75528,1.37,1.12
2015.09.24 06:18:17.923,0.75506,0.75528,1.87,1.12
2015.09.24 06:18:18.475,0.75509,0.7553,1.37,1.12
2015.09.24 06:18:19.199,0.75511,0.75529,1.12,1.00
2015.09.24 06:18:24.334,0.75509,0.75529,1.37,1.00
2015.09.24 06:18:24.902,0.75509,0.7553,1.37,1.12
2015.09.24 06:18:28.157,0.75509,0.75529,1.37,1.00
2015.09.24 06:18:29.966,0.7551,0.75533,1.50,1.12
2015.09.24 06:18:30.640,0.75513,0.75533,1.37,1.12
2015.09.24 06:18:30.691,0.75513,0.75535,1.37,1.12
2015.09.24 06:18:30.995,0.75515,0.75537,1.37,1.00
2015.09.24 06:18:31.466,0.75516,0.75537,1.37,1.00
2015.09.24 06:18:31.971,0.75519,0.75539,1.37,1.00
2015.09.24 06:18:32.073,0.75519,0.75539,1.00,1.00
2015.09.24 06:18:32.619,0.75518,0.75539,1.12,1.00
2015.09.24 06:18:33.248,0.75518,0.7554,1.37,1.37
2015.09.24 06:18:33.551,0.75518,0.7554,1.37,1.12
2015.09.24 06:18:33.854,0.75517,0.7554,1.00,1.12
2015.09.24 06:18:34.057,0.75519,0.7554,1.00,1.12
2015.09.24 06:18:34.438,0.75517,0.7554,1.50,1.12
2015.09.24 06:18:37.877,0.75517,0.75534,1.00,1.00
2015.09.24 06:18:39.381,0.75514,0.75534,1.37,1.00
2015.09.24 06:18:43.283,0.75511,0.75534,1.87,1.75
2015.09.24 06:18:43.599,0.75511,0.75528,1.50,1.00
2015.09.24 06:18:44.104,0.75511,0.75528,1.50,1.00
2015.09.24 06:18:44.872,0.75512,0.75528,1.37,1.00
2015.09.24 06:18:45.888,0.75511,0.75528,1.50,1.00
2015.09.24 06:18:47.227,0.75511,0.75529,1.50,1.00
2015.09.24 06:18:48.829,0.75511,0.75529,1.50,1.00
2015.09.24 06:18:49.619,0.75511,0.75529,1.50,1.00
2015.09.24 06:18:49.720,0.7551,0.75529,1.87,1.00
2015.09.24 06:18:50.036,0.7551,0.75527,1.12,1.00
2015.09.24 06:18:50.889,0.7551,0.75527,1.12,1.00
2015.09.24 06:18:51.192,0.75507,0.75525,1.87,1.00
2015.09.24 06:18:51.826,0.75507,0.75525,1.75,1.00
2015.09.24 06:18:58.459,0.7551,0.75525,1.37,1.00
2015.09.24 06:18:59.037,0.7551,0.75525,1.37,1.00
2015.09.24 06:19:02.066,0.75512,0.7553,1.37,1.12
2015.09.24 06:19:02.218,0.75509,0.75526,1.37,1.00
2015.09.24 06:19:04.043,0.75508,0.75526,1.87,1.00
2015.09.24 06:19:04.194,0.75505,0.75524,2.25,1.00
2015.09.24 06:19:05.707,0.75507,0.75526,1.87,1.00
2015.09.24 06:19:06.376,0.75507,0.75525,1.87,1.00
2015.09.24 06:19:07.012,0.75507,0.75525,1.37,1.00
2015.09.24 06:19:19.511,0.75506,0.75526,1.87,1.00
2015.09.24 06:19:20.032,0.75506,0.75526,1.87,1.00
2015.09.24 06:19:25.112,0.75506,0.75522,1.37,1.00
2015.09.24 06:19:25.163,0.755,0.75522,1.87,1.12
2015.09.24 06:19:27.169,0.75503,0.75521,1.37,1.00
2015.09.24 06:19:28.886,0.75504,0.75521,1.37,1.00
2015.09.24 06:19:31.744,0.75506,0.75523,1.37,1.00
2015.09.24 06:19:31.795,0.75506,0.75526,1.37,1.12
2015.09.24 06:19:33.916,0.75506,0.75526,1.37,1.00
2015.09.24 06:19:34.220,0.75505,0.75526,1.87,1.12
2015.09.24 06:19:41.624,0.75507,0.75524,1.37,1.00
2015.09.24 06:19:42.339,0.75507,0.75526,1.50,1.00
2015.09.24 06:19:42.490,0.75509,0.75526,1.87,1.00
2015.09.24 06:19:43.399,0.7551,0.75528,1.50,1.00
2015.09.24 06:19:43.758,0.7551,0.75528,1.87,1.00
2015.09.24 06:19:45.126,0.75511,0.75528,1.50,1.00
2015.09.24 06:19:45.328,0.75513,0.7553,1.37,1.00
2015.09.24 06:19:45.531,0.75513,0.7553,1.12,1.00
2015.09.24 06:19:45.978,0.75514,0.7553,1.37,1.00
2015.09.24 06:19:46.030,0.75514,0.75532,1.37,1.00
2015.09.24 06:19:47.637,0.75515,0.75532,1.37,1.00
2015.09.24 06:19:49.206,0.75515,0.75531,1.37,1.00
2015.09.24 06:19:51.669,0.75513,0.75531,1.37,1.00
2015.09.24 06:19:51.770,0.75514,0.75531,1.87,1.00
2015.09.24 06:19:51.822,0.75517,0.75534,1.37,1.00
2015.09.24 06:19:52.429,0.75518,0.75537,1.50,1.00
2015.09.24 06:19:52.481,0.75518,0.75538,1.12,1.00
2015.09.24 06:19:54.080,0.75518,0.75538,1.00,1.37
2015.09.24 06:19:54.670,0.75518,0.75537,1.00,1.37
2015.09.24 06:19:55.412,0.75514,0.75536,1.75,1.50
2015.09.24 06:19:55.933,0.75513,0.75533,1.37,1.00
2015.09.24 06:19:56.486,0.75514,0.75536,1.37,1.87
2015.09.24 06:19:57.021,0.75514,0.75533,1.37,1.00
2015.09.24 06:19:57.793,0.75513,0.75533,1.37,1.50
2015.09.24 06:19:57.895,0.75513,0.7553,1.00,1.00
2015.09.24 06:19:58.488,0.7551,0.7553,1.37,1.00
2015.09.24 06:19:58.687,0.7551,0.7553,1.87,1.00
2015.09.24 06:19:59.291,0.7551,0.7553,1.87,1.00
2015.09.24 06:19:59.998,0.7551,0.7553,1.37,1.00
2015.09.24 06:20:00.459,0.7551,0.7553,1.37,1.00
2015.09.24 06:20:01.219,0.75508,0.7553,1.12,1.75
2015.09.24 06:20:01.321,0.75507,0.75527,1.12,1.75
2015.09.24 06:20:01.891,0.75497,0.75517,1.12,1.00
2015.09.24 06:20:02.094,0.75496,0.75516,1.87,1.00
2015.09.24 06:20:03.242,0.75501,0.75518,1.37,1.00
2015.09.24 06:20:03.343,0.75501,0.7552,1.37,1.00
2015.09.24 06:20:03.893,0.75502,0.7552,2.25,1.00
2015.09.24 06:20:05.853,0.75504,0.75523,2.62,1.00
2015.09.24 06:20:06.004,0.75506,0.75525,1.37,1.00
2015.09.24 06:20:06.640,0.75506,0.75522,1.37,1.00
2015.09.24 06:20:06.690,0.75506,0.75522,1.12,1.00
2015.09.24 06:20:07.683,0.75505,0.75522,1.50,1.00
2015.09.24 06:20:08.476,0.75506,0.75523,1.37,1.00
2015.09.24 06:20:09.010,0.75504,0.75523,2.25,1.00
2015.09.24 06:20:09.681,0.75506,0.75524,1.12,1.00
2015.09.24 06:20:09.884,0.755,0.75525,1.87,1.37
2015.09.24 06:20:10.187,0.75503,0.75518,1.00,1.12
2015.09.24 06:20:10.238,0.75501,0.75518,1.12,1.12
2015.09.24 06:20:10.495,0.75503,0.75518,1.50,1.00
2015.09.24 06:20:11.003,0.75502,0.7552,1.00,1.00
2015.09.24 06:20:11.623,0.75502,0.7552,1.37,1.00
2015.09.24 06:20:12.644,0.75503,0.75522,1.37,1.00
2015.09.24 06:20:13.429,0.75503,0.75522,1.37,1.00
2015.09.24 06:20:15.977,0.7551,0.75526,1.37,1.00
2015.09.24 06:20:16.129,0.7551,0.75525,1.00,1.00
2015.09.24 06:20:16.231,0.7551,0.75528,1.50,1.37
2015.09.24 06:20:16.433,0.75511,0.7553,1.50,1.12
2015.09.24 06:20:16.942,0.75514,0.7553,1.00,1.12
2015.09.24 06:20:17.518,0.75514,0.75534,1.50,1.12
2015.09.24 06:20:17.771,0.75514,0.75531,1.50,1.00
2015.09.24 06:20:18.296,0.75514,0.75531,1.50,1.00
2015.09.24 06:20:21.284,0.75514,0.75531,1.37,1.00
2015.09.24 06:20:21.861,0.75514,0.75531,1.37,1.00
2015.09.24 06:20:22.360,0.75511,0.75533,2.25,1.12
2015.09.24 06:20:25.121,0.75512,0.75533,1.37,1.12
2015.09.24 06:20:25.566,0.75514,0.75533,1.12,1.00
2015.09.24 06:20:25.617,0.75514,0.75537,2.25,1.12
2015.09.24 06:20:27.491,0.75515,0.75538,2.62,1.87
2015.09.24 06:20:28.090,0.75516,0.75538,1.50,1.50
2015.09.24 06:20:28.242,0.75518,0.75539,1.50,1.00
2015.09.24 06:20:29.264,0.75518,0.75539,1.50,1.00
2015.09.24 06:20:29.901,0.75517,0.75539,1.12,1.00
2015.09.24 06:20:31.561,0.75518,0.75539,2.25,1.00
2015.09.24 06:20:32.022,0.75518,0.75539,2.62,1.00
2015.09.24 06:20:34.775,0.7552,0.75539,1.50,1.00
2015.09.24 06:20:35.309,0.75523,0.75544,2.25,1.00
2015.09.24 06:20:35.781,0.75523,0.75548,2.25,1.75
2015.09.24 06:20:35.984,0.75526,0.75548,1.12,1.12
2015.09.24 06:20:36.034,0.75527,0.75546,1.50,1.00
2015.09.24 06:20:36.457,0.75533,0.7555,1.12,1.00
2015.09.24 06:20:39.169,0.75533,0.7555,1.37,1.00
2015.09.24 06:20:39.372,0.75533,0.7555,1.37,1.00
2015.09.24 06:20:39.524,0.7553,0.75548,1.37,1.00
2015.09.24 06:20:39.777,0.75527,0.75546,1.37,1.00
2015.09.24 06:20:40.194,0.75527,0.75545,1.37,1.00
2015.09.24 06:20:41.290,0.75527,0.75545,1.37,1.00
2015.09.24 06:20:42.603,0.75527,0.75547,1.75,1.00
2015.09.24 06:20:43.191,0.75527,0.7555,1.75,1.75
2015.09.24 06:20:43.985,0.75527,0.7555,1.50,1.75
2015.09.24 06:20:44.188,0.75531,0.75554,1.87,1.50
2015.09.24 06:20:44.239,0.75533,0.75554,1.12,1.12
2015.09.24 06:20:44.685,0.75537,0.75554,1.12,1.00
2015.09.24 06:20:44.736,0.75539,0.75562,2.25,1.75
2015.09.24 06:20:44.838,0.75539,0.75564,2.25,1.37
2015.09.24 06:20:44.889,0.75543,0.75564,1.37,1.00
2015.09.24 06:20:45.271,0.75543,0.75564,1.87,1.00
2015.09.24 06:20:46.007,0.75546,0.75564,1.12,1.00
2015.09.24 06:20:46.881,0.75546,0.75564,1.12,1.00
2015.09.24 06:20:46.932,0.75546,0.75566,1.12,1.12
2015.09.24 06:20:47.748,0.75544,0.75566,2.25,1.00
2015.09.24 06:20:48.080,0.75544,0.75563,1.50,1.00
2015.09.24 06:20:49.233,0.75543,0.75563,1.50,1.00
2015.09.24 06:20:49.640,0.75543,0.75561,1.37,1.00
2015.09.24 06:20:51.204,0.75542,0.75561,1.37,1.00
2015.09.24 06:20:51.361,0.75542,0.75561,1.37,1.00
2015.09.24 06:20:51.865,0.75542,0.75561,1.50,1.00
2015.09.24 06:20:52.986,0.75542,0.75561,1.37,1.00
2015.09.24 06:20:53.254,0.75542,0.75561,1.50,1.00
2015.09.24 06:20:54.064,0.75542,0.75563,2.25,1.00
2015.09.24 06:20:55.161,0.75543,0.75563,1.37,1.00
2015.09.24 06:20:55.670,0.75543,0.75564,1.87,1.00
2015.09.24 06:20:55.771,0.75543,0.75567,1.87,1.75
2015.09.24 06:20:55.923,0.75546,0.75567,1.87,1.12
2015.09.24 06:20:56.500,0.75546,0.75567,1.12,1.12
2015.09.24 06:20:58.075,0.75546,0.75564,1.50,1.00
2015.09.24 06:20:58.126,0.75546,0.75566,1.50,1.00
2015.09.24 06:20:58.691,0.75546,0.75566,1.37,1.00
2015.09.24 06:20:59.871,0.75547,0.75568,1.12,1.12
2015.09.24 06:21:01.330,0.75548,0.7557,1.50,1.50
2015.09.24 06:21:01.859,0.75548,0.7557,1.12,1.12
2015.09.24 06:21:02.011,0.7555,0.7557,1.75,1.00
2015.09.24 06:21:02.578,0.75553,0.75573,1.12,1.37
2015.09.24 06:21:03.110,0.75553,0.75571,1.12,1.00
2015.09.24 06:21:03.388,0.7555,0.75568,1.75,1.00
2015.09.24 06:21:03.439,0.7555,0.75568,1.37,1.00
2015.09.24 06:21:03.998,0.7555,0.75568,1.37,1.00
2015.09.24 06:21:04.710,0.7555,0.7557,1.37,1.00
2015.09.24 06:21:05.254,0.7555,0.75567,1.37,1.00
2015.09.24 06:21:05.307,0.75547,0.75568,2.25,1.00
2015.09.24 06:21:05.744,0.75548,0.75568,1.50,1.00
2015.09.24 06:21:05.845,0.75548,0.75571,1.50,1.50
2015.09.24 06:21:06.735,0.75548,0.75571,1.87,1.50
2015.09.24 06:21:07.038,0.75551,0.7557,1.00,1.00
2015.09.24 06:21:07.645,0.75549,0.7557,1.12,1.00
2015.09.24 06:21:08.482,0.75549,0.75572,1.12,1.12
2015.09.24 06:21:09.035,0.75549,0.75572,1.12,2.25
2015.09.24 06:21:09.136,0.75547,0.75571,1.12,1.87
2015.09.24 06:21:09.790,0.75549,0.75568,1.37,1.00
2015.09.24 06:21:10.317,0.75549,0.75564,1.37,1.00
2015.09.24 06:21:12.121,0.7555,0.7557,1.75,1.00
2015.09.24 06:21:13.636,0.7555,0.7557,1.12,1.00
2015.09.24 06:21:14.204,0.7555,0.75569,1.12,1.00
2015.09.24 06:21:14.881,0.7555,0.75569,1.12,1.00
2015.09.24 06:21:18.237,0.7555,0.75568,1.12,1.00
2015.09.24 06:21:20.081,0.7555,0.75568,1.12,1.00
2015.09.24 06:21:20.132,0.7555,0.75565,1.12,1.00
2015.09.24 06:21:20.532,0.75545,0.75562,1.37,1.00
2015.09.24 06:21:21.038,0.75542,0.75562,2.25,1.00
2015.09.24 06:21:22.166,0.75542,0.75562,1.87,1.00
2015.09.24 06:21:22.637,0.75542,0.75559,1.87,1.00
2015.09.24 06:21:24.379,0.75542,0.75559,1.12,1.00
2015.09.24 06:21:25.084,0.75542,0.7556,1.12,1.00
2015.09.24 06:21:29.717,0.75542,0.7556,1.75,1.00
2015.09.24 06:21:30.266,0.75544,0.75561,1.87,1.00
2015.09.24 06:21:30.368,0.75544,0.75563,1.87,1.00
2015.09.24 06:21:31.105,0.75544,0.75563,2.25,1.00
2015.09.24 06:21:31.908,0.75544,0.75563,1.87,1.00
2015.09.24 06:21:32.926,0.75543,0.75563,1.37,1.00
2015.09.24 06:21:36.926,0.75542,0.75563,2.25,1.00
2015.09.24 06:21:38.832,0.75542,0.75562,2.25,1.00
2015.09.24 06:21:39.352,0.7554,0.75562,1.37,1.50
2015.09.24 06:21:40.537,0.7554,0.75562,1.12,1.50
2015.09.24 06:21:41.117,0.7554,0.75562,1.37,1.50
2015.09.24 06:21:41.596,0.7554,0.75559,1.37,1.00
2015.09.24 06:21:42.127,0.7554,0.7556,1.37,1.00
2015.09.24 06:21:44.229,0.75539,0.7556,1.75,1.00
2015.09.24 06:21:45.348,0.75539,0.7556,1.12,1.00
2015.09.24 06:21:46.028,0.7554,0.7556,1.37,1.00
2015.09.24 06:21:47.051,0.75541,0.75559,1.37,1.00
2015.09.24 06:21:47.758,0.75541,0.75559,1.37,1.00
2015.09.24 06:21:48.486,0.75541,0.75559,1.37,1.00
2015.09.24 06:21:49.187,0.75541,0.75558,1.37,1.00
2015.09.24 06:21:49.688,0.75541,0.75558,1.37,1.00
2015.09.24 06:21:50.208,0.75541,0.75558,1.37,1.00
2015.09.24 06:21:50.539,0.75541,0.75558,1.50,1.00
2015.09.24 06:21:50.640,0.75541,0.7556,1.50,1.00
2015.09.24 06:21:51.142,0.75542,0.75562,1.37,1.50
2015.09.24 06:21:54.253,0.75543,0.75562,1.37,1.12
2015.09.24 06:21:54.868,0.75543,0.75562,1.50,1.00
2015.09.24 06:21:55.248,0.75544,0.75562,1.12,1.00
2015.09.24 06:21:55.303,0.75546,0.75565,1.37,1.00
2015.09.24 06:22:00.003,0.7554,0.75562,1.50,1.87
2015.09.24 06:22:00.054,0.75538,0.75562,2.62,1.87
2015.09.24 06:22:00.559,0.75538,0.75558,1.12,1.00
2015.09.24 06:22:01.161,0.75539,0.75558,1.37,1.00
2015.09.24 06:22:01.681,0.75543,0.75564,1.37,1.75
2015.09.24 06:22:01.736,0.75543,0.75564,1.75,1.37
2015.09.24 06:22:02.090,0.75547,0.75564,1.37,1.00
2015.09.24 06:22:02.197,0.75547,0.75566,1.37,1.00
2015.09.24 06:22:02.400,0.75547,0.75566,2.25,1.00
2015.09.24 06:22:03.135,0.75547,0.75566,1.12,1.00
2015.09.24 06:22:03.514,0.75547,0.75569,1.12,1.50
2015.09.24 06:22:04.646,0.75547,0.75568,1.12,1.37
2015.09.24 06:22:05.270,0.75547,0.75568,1.12,1.37
2015.09.24 06:22:06.971,0.75547,0.75568,1.12,1.37
2015.09.24 06:22:07.486,0.75547,0.75565,1.12,1.12
2015.09.24 06:22:08.107,0.75546,0.75565,1.87,1.50
2015.09.24 06:22:08.209,0.75548,0.75565,1.50,1.00
2015.09.24 06:22:09.186,0.75548,0.75565,2.25,1.00
2015.09.24 06:22:09.602,0.75549,0.75567,1.12,1.00
2015.09.24 06:22:09.653,0.75549,0.75569,1.12,1.00
2015.09.24 06:22:09.703,0.75549,0.75569,1.12,1.00
2015.09.24 06:22:10.007,0.75553,0.75571,1.75,1.00
2015.09.24 06:22:10.431,0.75554,0.75575,2.25,1.00
2015.09.24 06:22:11.619,0.75555,0.75576,1.87,1.00
2015.09.24 06:22:14.747,0.75555,0.75577,2.62,1.12
2015.09.24 06:22:16.463,0.75551,0.75571,1.87,1.00
2015.09.24 06:22:16.616,0.75553,0.75573,1.50,1.12
2015.09.24 06:22:16.717,0.75553,0.75575,1.50,1.50
2015.09.24 06:22:17.400,0.75553,0.75574,1.50,1.00
2015.09.24 06:22:17.906,0.75553,0.75574,1.50,1.00
2015.09.24 06:22:18.426,0.75553,0.75577,1.87,1.75
2015.09.24 06:22:22.405,0.75553,0.75577,1.87,1.75
2015.09.24 06:22:23.436,0.7556,0.75578,1.50,1.00
2015.09.24 06:22:23.487,0.7556,0.75582,1.50,1.12
2015.09.24 06:22:24.351,0.7556,0.75582,1.87,1.12
2015.09.24 06:22:25.156,0.7556,0.75581,1.87,1.00
2015.09.24 06:22:25.737,0.7556,0.75581,1.87,1.00
2015.09.24 06:22:26.142,0.75556,0.7558,1.75,1.50
2015.09.24 06:22:26.782,0.75556,0.75577,1.75,1.00
2015.09.24 06:22:27.296,0.75556,0.75575,1.12,1.00
2015.09.24 06:22:28.874,0.75556,0.75575,1.12,1.00
2015.09.24 06:22:31.089,0.75556,0.75577,1.12,1.00
2015.09.24 06:22:31.542,0.75556,0.75575,1.12,1.00
2015.09.24 06:22:33.242,0.75558,0.75575,1.00,1.00
2015.09.24 06:22:35.630,0.75555,0.75574,1.50,1.00
2015.09.24 06:22:36.338,0.75555,0.75576,1.87,1.00
2015.09.24 06:22:37.586,0.75555,0.75574,1.87,1.00
2015.09.24 06:22:37.687,0.75555,0.75574,1.50,1.00
2015.09.24 06:22:38.211,0.75555,0.75572,1.50,1.00
2015.09.24 06:22:38.717,0.75552,0.75572,1.50,1.00
2015.09.24 06:22:39.845,0.75552,0.75572,1.50,1.37
2015.09.24 06:22:40.546,0.75552,0.75572,1.50,1.37
2015.09.24 06:22:41.331,0.7555,0.75571,1.87,1.50
2015.09.24 06:22:41.382,0.75549,0.75571,1.37,1.87
2015.09.24 06:22:41.483,0.75546,0.75568,1.12,1.37
2015.09.24 06:22:42.259,0.75546,0.75568,1.12,1.37
2015.09.24 06:22:42.814,0.75547,0.75568,1.00,1.37
2015.09.24 06:22:43.371,0.75545,0.75567,1.37,1.75
2015.09.24 06:22:43.472,0.75547,0.75568,1.87,1.00
2015.09.24 06:22:43.573,0.7555,0.75574,1.00,1.75
2015.09.24 06:22:43.675,0.7555,0.75573,1.00,1.00
2015.09.24 06:22:44.169,0.75553,0.75573,1.00,1.00
2015.09.24 06:22:44.477,0.75555,0.75579,1.37,1.50
2015.09.24 06:22:44.528,0.75555,0.75579,1.75,1.50
2015.09.24 06:22:44.629,0.75555,0.75577,1.75,1.00
2015.09.24 06:22:46.235,0.75556,0.75572,1.37,1.00
2015.09.24 06:22:49.016,0.75556,0.75573,1.37,1.00
2015.09.24 06:22:49.565,0.75555,0.75573,1.12,1.37
2015.09.24 06:22:50.092,0.75554,0.75573,1.12,1.12
2015.09.24 06:22:50.867,0.75555,0.75573,1.12,1.37
2015.09.24 06:22:51.589,0.75555,0.75573,1.75,1.12
2015.09.24 06:22:51.892,0.75555,0.75571,1.00,1.12
2015.09.24 06:22:52.399,0.75552,0.7557,1.12,1.12
2015.09.24 06:22:53.996,0.75552,0.7557,1.12,1.37
2015.09.24 06:22:54.408,0.7555,0.7557,1.12,1.37
2015.09.24 06:22:54.958,0.75551,0.7557,1.00,1.37
2015.09.24 06:22:55.912,0.75551,0.7557,1.00,1.37
2015.09.24 06:22:59.389,0.75551,0.7557,1.00,1.37
2015.09.24 06:23:00.528,0.75549,0.7557,1.75,1.37
2015.09.24 06:23:01.044,0.75546,0.7557,1.87,1.75
2015.09.24 06:23:01.582,0.75546,0.75565,1.87,1.00
2015.09.24 06:23:01.785,0.75545,0.75564,1.00,1.37
2015.09.24 06:23:02.320,0.75541,0.75563,1.12,1.00
2015.09.24 06:23:02.926,0.75541,0.75561,1.12,1.00
2015.09.24 06:23:03.438,0.75541,0.75561,1.12,1.37
2015.09.24 06:23:04.411,0.75541,0.75561,1.12,1.12
2015.09.24 06:23:09.881,0.75542,0.75561,1.00,1.37
2015.09.24 06:23:10.387,0.75541,0.7556,1.37,1.37
2015.09.24 06:23:14.926,0.7554,0.7556,1.75,1.00
2015.09.24 06:23:16.287,0.75538,0.75558,1.37,1.37
2015.09.24 06:23:16.338,0.75538,0.75558,1.00,1.37
2015.09.24 06:23:17.012,0.75536,0.75558,1.37,1.37
2015.09.24 06:23:17.114,0.75536,0.75556,1.00,1.50
2015.09.24 06:23:17.636,0.75531,0.75553,1.50,1.12
2015.09.24 06:23:18.292,0.75531,0.75551,1.00,1.00
2015.09.24 06:23:19.330,0.7553,0.75551,1.87,1.00
2015.09.24 06:23:19.815,0.7553,0.75548,1.87,1.00
2015.09.24 06:23:19.967,0.7553,0.7555,1.87,1.00
2015.09.24 06:23:21.410,0.7553,0.7555,1.87,1.37
2015.09.24 06:23:21.511,0.7553,0.75546,1.37,1.00
2015.09.24 06:23:22.035,0.7553,0.75546,1.37,1.00
2015.09.24 06:23:24.793,0.75527,0.75547,1.12,1.00
2015.09.24 06:23:24.945,0.75527,0.75549,1.75,1.12
2015.09.24 06:23:26.150,0.7553,0.7555,1.37,1.37
2015.09.24 06:23:26.454,0.7553,0.7555,1.37,1.50
2015.09.24 06:23:27.023,0.7553,0.7555,1.37,1.87
2015.09.24 06:23:27.326,0.75532,0.75554,1.37,1.50
2015.09.24 06:23:28.321,0.75531,0.75554,1.12,1.50
2015.09.24 06:23:28.826,0.7553,0.75551,1.75,1.37
2015.09.24 06:23:30.082,0.7553,0.75551,1.75,1.37
2015.09.24 06:23:30.335,0.7553,0.75551,1.50,1.37
2015.09.24 06:23:30.866,0.7553,0.7555,1.00,1.37
2015.09.24 06:23:31.584,0.75529,0.75553,1.12,1.12
2015.09.24 06:23:32.107,0.7553,0.75553,1.50,1.12
2015.09.24 06:23:33.126,0.7553,0.75553,1.50,1.12
2015.09.24 06:23:33.644,0.7553,0.75553,1.50,1.12
2015.09.24 06:23:33.897,0.7553,0.75551,1.87,1.12
2015.09.24 06:23:34.385,0.75532,0.75549,1.12,1.00
2015.09.24 06:23:34.537,0.75529,0.75549,1.50,1.00
2015.09.24 06:23:34.891,0.75529,0.75545,1.37,1.00
2015.09.24 06:23:35.566,0.75527,0.75545,1.00,1.00
2015.09.24 06:23:37.133,0.75527,0.75545,1.37,1.00
2015.09.24 06:23:37.819,0.75527,0.75546,1.37,1.00
2015.09.24 06:23:38.262,0.75527,0.75546,1.37,1.00
2015.09.24 06:23:39.969,0.75527,0.75546,1.00,1.37
2015.09.24 06:23:42.026,0.75527,0.75546,1.00,1.37
2015.09.24 06:23:42.950,0.75525,0.75545,1.50,1.37
2015.09.24 06:23:47.379,0.75525,0.75545,1.50,1.37
2015.09.24 06:23:47.873,0.75523,0.75543,1.12,1.37
2015.09.24 06:23:47.927,0.75521,0.7554,1.12,1.12
2015.09.24 06:23:48.432,0.75522,0.7554,1.00,1.00
2015.09.24 06:23:48.936,0.75521,0.7554,1.12,1.37
2015.09.24 06:23:49.555,0.75521,0.7554,1.12,1.12
2015.09.24 06:23:51.362,0.75521,0.75539,1.12,1.00
2015.09.24 06:23:54.835,0.75521,0.7554,1.12,1.12
2015.09.24 06:23:55.448,0.75521,0.7554,1.37,1.37
2015.09.24 06:23:55.803,0.75517,0.75537,1.12,1.12
2015.09.24 06:23:56.325,0.75517,0.75537,1.12,1.37
2015.09.24 06:23:57.556,0.7552,0.75535,1.12,1.00
2015.09.24 06:23:57.607,0.7552,0.75535,1.37,1.00
2015.09.24 06:23:57.658,0.7552,0.75537,1.37,1.00
2015.09.24 06:23:58.143,0.75525,0.75539,1.12,1.00
2015.09.24 06:23:58.346,0.75525,0.75542,1.00,1.00
2015.09.24 06:23:58.548,0.75525,0.75544,1.00,1.00
2015.09.24 06:23:59.072,0.75525,0.75544,1.37,1.00
2015.09.24 06:24:00.744,0.75525,0.75542,1.37,1.00
2015.09.24 06:24:05.005,0.7553,0.75542,1.12,1.00
2015.09.24 06:24:05.575,0.7553,0.75548,1.12,1.50
2015.09.24 06:24:05.828,0.75531,0.75554,1.00,1.87
2015.09.24 06:24:06.817,0.7553,0.75554,1.87,1.87
2015.09.24 06:24:07.121,0.7553,0.75554,3.00,1.12
2015.09.24 06:24:08.099,0.75534,0.75557,1.12,1.12
2015.09.24 06:24:08.627,0.75534,0.75557,1.12,1.12
2015.09.24 06:24:09.437,0.75534,0.75558,1.50,1.87
2015.09.24 06:24:11.618,0.75534,0.75557,1.12,1.12
2015.09.24 06:24:11.826,0.75536,0.7556,1.12,1.87
2015.09.24 06:24:12.876,0.75537,0.7556,1.00,1.87
2015.09.24 06:24:13.444,0.75536,0.7556,1.12,1.87
2015.09.24 06:24:14.347,0.75537,0.7556,1.00,1.87
2015.09.24 06:24:15.038,0.75536,0.7556,1.12,1.87
2015.09.24 06:24:15.291,0.75535,0.7556,1.75,1.50
2015.09.24 06:24:16.257,0.75536,0.7556,1.12,1.87
2015.09.24 06:24:16.764,0.75536,0.7556,1.12,1.87
2015.09.24 06:24:17.261,0.75535,0.7556,1.75,1.50
2015.09.24 06:24:17.772,0.75534,0.75559,1.37,1.50
2015.09.24 06:24:17.878,0.75534,0.75559,1.37,2.25
2015.09.24 06:24:18.663,0.75535,0.75557,1.00,1.12
2015.09.24 06:24:20.260,0.75534,0.75557,1.37,1.12
2015.09.24 06:24:24.833,0.75534,0.75557,1.12,1.12
2015.09.24 06:24:25.364,0.75536,0.75558,1.37,1.12
2015.09.24 06:24:25.967,0.75534,0.75557,2.25,1.37
2015.09.24 06:24:27.824,0.75536,0.75559,1.37,1.12
2015.09.24 06:24:32.662,0.75536,0.75559,1.75,1.37
2015.09.24 06:24:32.714,0.75537,0.75559,1.75,1.00
2015.09.24 06:24:42.006,0.75536,0.75559,1.75,1.37
2015.09.24 06:24:42.058,0.75536,0.75557,1.37,1.37
2015.09.24 06:24:42.590,0.75535,0.75557,1.37,1.87
2015.09.24 06:24:42.641,0.75535,0.75557,1.12,1.87
2015.09.24 06:24:43.836,0.75531,0.75555,1.12,1.37
2015.09.24 06:24:44.263,0.75529,0.75552,2.25,1.12
2015.09.24 06:24:44.466,0.75529,0.75552,1.00,1.87
2015.09.24 06:24:44.993,0.75525,0.75549,2.62,1.12
2015.09.24 06:24:45.500,0.75525,0.75549,2.62,1.12
2015.09.24 06:24:45.752,0.75525,0.75548,2.62,1.00
2015.09.24 06:24:46.257,0.75525,0.75549,2.62,1.12
2015.09.24 06:24:46.773,0.75525,0.75549,2.62,1.12
2015.09.24 06:24:48.232,0.75525,0.75549,2.62,1.12
2015.09.24 06:24:49.162,0.75525,0.75549,1.87,1.75
2015.09.24 06:24:50.554,0.75526,0.75548,1.00,1.87
2015.09.24 06:24:51.100,0.75522,0.75547,2.25,1.75
2015.09.24 06:24:51.151,0.75522,0.75546,1.87,1.37
2015.09.24 06:24:52.061,0.75522,0.75546,1.87,1.37
2015.09.24 06:24:56.251,0.75522,0.75546,2.25,1.37
2015.09.24 06:24:56.352,0.75522,0.75546,2.25,1.12
2015.09.24 06:24:59.535,0.75524,0.75546,1.87,1.37
2015.09.24 06:25:00.174,0.75525,0.75546,1.00,1.37
2015.09.24 06:25:00.477,0.75521,0.75545,1.75,1.87
2015.09.24 06:25:03.585,0.75521,0.75544,1.37,1.87
2015.09.24 06:25:04.090,0.75522,0.75544,1.00,1.12
2015.09.24 06:25:04.628,0.75522,0.75544,1.00,1.75
2015.09.24 06:25:05.485,0.75521,0.75543,1.50,1.37
2015.09.24 06:25:05.792,0.75519,0.75541,1.50,1.37
2015.09.24 06:25:07.983,0.75518,0.75541,1.37,1.87
2015.09.24 06:25:08.354,0.75516,0.75538,2.25,1.12
2015.09.24 06:25:08.903,0.75516,0.75538,1.50,1.12
2015.09.24 06:25:09.408,0.75516,0.75538,1.50,1.12
2015.09.24 06:25:09.956,0.75518,0.75538,1.00,1.12
2015.09.24 06:25:10.610,0.75518,0.75538,1.37,1.12
2015.09.24 06:25:11.182,0.7552,0.75538,1.00,1.12
2015.09.24 06:25:22.169,0.7552,0.75542,1.50,1.50
2015.09.24 06:25:22.421,0.75525,0.75542,1.00,1.37
2015.09.24 06:25:22.633,0.75525,0.75543,1.00,1.12
2015.09.24 06:25:26.360,0.75525,0.75545,1.00,1.12
2015.09.24 06:25:26.865,0.75525,0.75546,1.12,1.12
2015.09.24 06:25:28.141,0.75525,0.75546,1.00,1.12
2015.09.24 06:25:28.484,0.75523,0.75545,1.37,1.37
2015.09.24 06:25:29.043,0.75521,0.75544,1.37,1.12
2015.09.24 06:25:29.094,0.75521,0.75544,1.00,1.75
2015.09.24 06:25:30.894,0.7552,0.75544,2.62,1.12
2015.09.24 06:25:31.537,0.75524,0.75548,1.12,1.50
2015.09.24 06:25:34.904,0.75524,0.75548,1.87,1.75
2015.09.24 06:25:38.830,0.75524,0.75547,1.50,1.50
2015.09.24 06:25:39.392,0.75523,0.75545,1.00,1.12
2015.09.24 06:25:39.694,0.75525,0.75547,1.37,1.87
2015.09.24 06:25:40.212,0.75522,0.75546,1.37,1.12
2015.09.24 06:25:40.263,0.75522,0.75545,1.37,1.37
2015.09.24 06:25:41.022,0.75521,0.75543,1.37,1.37
2015.09.24 06:25:44.372,0.75521,0.75543,1.37,1.87
2015.09.24 06:25:48.346,0.75521,0.75543,1.37,1.87
2015.09.24 06:25:49.185,0.7552,0.75543,1.37,2.25
2015.09.24 06:25:49.781,0.7552,0.75542,1.00,1.37
2015.09.24 06:25:50.289,0.7552,0.75542,1.37,1.37
2015.09.24 06:25:54.899,0.7552,0.75543,1.00,1.37
2015.09.24 06:25:55.202,0.7552,0.7554,1.00,1.75
2015.09.24 06:25:55.304,0.75517,0.7554,1.37,1.75
2015.09.24 06:26:00.283,0.75514,0.75538,1.87,1.87
2015.09.24 06:26:00.729,0.75515,0.75538,1.50,1.12
2015.09.24 06:26:01.952,0.75515,0.75538,2.25,1.12
2015.09.24 06:26:03.659,0.75515,0.75538,2.25,1.12
2015.09.24 06:26:05.591,0.75515,0.75538,1.50,1.75
2015.09.24 06:26:06.103,0.75515,0.75537,1.12,1.37
2015.09.24 06:26:07.311,0.75512,0.75535,1.87,1.12
2015.09.24 06:26:09.499,0.75512,0.75535,1.87,1.87
2015.09.24 06:26:10.216,0.75512,0.75535,1.87,1.12
2015.09.24 06:26:12.867,0.75514,0.75537,1.87,1.50
2015.09.24 06:26:15.332,0.75515,0.75538,1.50,1.12
2015.09.24 06:26:15.534,0.75515,0.75538,2.25,1.12
2015.09.24 06:26:15.838,0.75515,0.75538,2.25,1.75
2015.09.24 06:26:15.939,0.75515,0.75537,2.25,1.37
2015.09.24 06:26:16.919,0.75515,0.75537,1.50,1.87
2015.09.24 06:26:17.759,0.75515,0.75537,1.12,1.87
2015.09.24 06:26:18.242,0.75504,0.75528,1.37,1.87
2015.09.24 06:26:18.961,0.75502,0.75528,1.12,1.75
2015.09.24 06:26:19.963,0.75505,0.75527,1.00,1.37
2015.09.24 06:26:20.064,0.75505,0.75526,1.00,1.75
2015.09.24 06:26:20.165,0.75502,0.75526,1.37,2.25
2015.09.24 06:26:20.267,0.755,0.75522,1.50,1.37
2015.09.24 06:26:20.570,0.75497,0.75519,1.37,1.12
2015.09.24 06:26:20.671,0.75497,0.75518,1.12,1.50
2015.09.24 06:26:21.148,0.75497,0.75516,1.00,1.12
2015.09.24 06:26:22.091,0.75495,0.75516,1.37,1.12
2015.09.24 06:26:22.695,0.75495,0.75516,1.00,1.12
2015.09.24 06:26:23.626,0.75495,0.75516,1.12,1.12
2015.09.24 06:26:23.951,0.755,0.75517,1.12,1.12
2015.09.24 06:26:24.002,0.755,0.75521,1.12,1.12
2015.09.24 06:26:24.255,0.755,0.75521,1.00,1.12
2015.09.24 06:26:24.926,0.755,0.75521,1.00,1.12
2015.09.24 06:26:25.766,0.755,0.75521,1.12,1.12
2015.09.24 06:26:25.868,0.755,0.75521,1.37,1.12
2015.09.24 06:26:26.362,0.75502,0.75525,1.12,1.12
2015.09.24 06:26:26.665,0.75503,0.75525,1.50,1.12
2015.09.24 06:26:26.817,0.75505,0.75529,1.87,1.12
2015.09.24 06:26:26.868,0.75509,0.75528,1.00,1.00
2015.09.24 06:26:27.374,0.7551,0.75528,1.00,1.00
2015.09.24 06:26:46.341,0.7551,0.75531,1.12,1.37
2015.09.24 06:26:46.695,0.75508,0.75531,1.12,1.37
2015.09.24 06:26:46.746,0.75508,0.75531,1.12,1.37
2015.09.24 06:26:47.050,0.75506,0.75529,1.00,1.75
2015.09.24 06:26:47.223,0.75505,0.75528,1.50,1.00
2015.09.24 06:26:48.141,0.75505,0.75529,1.87,1.12
2015.09.24 06:26:48.445,0.75505,0.75528,2.25,1.00
2015.09.24 06:26:48.749,0.75508,0.75532,1.87,1.12
2015.09.24 06:26:49.012,0.75508,0.75531,1.12,1.00
2015.09.24 06:26:49.551,0.7551,0.75532,1.37,1.12
2015.09.24 06:26:50.143,0.7551,0.75531,1.37,1.00
2015.09.24 06:26:50.732,0.7551,0.75535,2.25,1.12
2015.09.24 06:26:51.510,0.75511,0.75535,1.12,1.12
2015.09.24 06:26:52.914,0.75511,0.75535,1.37,1.12
2015.09.24 06:27:00.526,0.75512,0.75535,1.00,1.87
2015.09.24 06:27:01.708,0.75511,0.75535,1.87,1.75
2015.09.24 06:27:01.764,0.75511,0.75535,1.87,1.12
2015.09.24 06:27:02.366,0.75508,0.75532,1.87,1.12
2015.09.24 06:27:03.578,0.75509,0.75532,1.00,1.87
2015.09.24 06:27:04.033,0.75508,0.75532,1.37,1.12
2015.09.24 06:27:04.134,0.75508,0.75532,1.37,1.12
2015.09.24 06:27:04.337,0.75505,0.75528,1.87,1.00
2015.09.24 06:27:05.240,0.75505,0.7553,1.87,1.12
2015.09.24 06:27:05.841,0.7551,0.7553,1.00,1.12
2015.09.24 06:27:05.892,0.7551,0.7553,1.00,1.00
2015.09.24 06:27:06.095,0.75512,0.75531,1.00,1.37
2015.09.24 06:27:06.196,0.75512,0.75535,1.87,1.12
2015.09.24 06:27:07.067,0.75511,0.75534,1.12,1.12
2015.09.24 06:27:07.611,0.75515,0.75536,1.00,1.12
2015.09.24 06:27:08.350,0.75515,0.75538,1.12,1.37
2015.09.24 06:27:08.451,0.75515,0.75538,1.00,1.37
2015.09.24 06:27:08.958,0.75512,0.75535,1.87,1.37
2015.09.24 06:27:12.657,0.75511,0.75529,1.00,1.00
2015.09.24 06:27:12.860,0.75508,0.7553,1.00,1.12
2015.09.24 06:27:13.161,0.75507,0.7553,1.37,1.12
2015.09.24 06:27:13.465,0.7551,0.7553,1.00,1.12
2015.09.24 06:27:14.204,0.7551,0.75533,1.50,1.12
2015.09.24 06:27:14.508,0.75512,0.75535,1.37,1.12
2015.09.24 06:27:18.904,0.7551,0.75535,1.87,1.75
2015.09.24 06:27:19.451,0.75511,0.75535,1.12,1.12
2015.09.24 06:27:20.172,0.75511,0.75534,1.87,1.00
2015.09.24 06:27:20.274,0.75515,0.75534,1.00,1.00
2015.09.24 06:27:21.029,0.75514,0.75535,1.00,1.37
2015.09.24 06:27:24.207,0.75514,0.7554,1.75,2.25
2015.09.24 06:27:28.728,0.75515,0.75539,1.87,1.37
2015.09.24 06:27:29.981,0.75516,0.7554,1.12,1.75
2015.09.24 06:27:30.133,0.75515,0.75542,2.25,1.50
2015.09.24 06:27:30.385,0.75515,0.75541,1.75,2.62
2015.09.24 06:27:31.353,0.75515,0.7554,2.25,1.00
2015.09.24 06:27:31.900,0.75515,0.75542,2.25,1.50
2015.09.24 06:27:32.203,0.75518,0.75542,1.12,1.87
2015.09.24 06:27:32.507,0.75515,0.75539,1.75,1.37
2015.09.24 06:27:33.043,0.75515,0.75538,1.87,1.50
2015.09.24 06:27:34.154,0.75515,0.7554,2.25,1.37
2015.09.24 06:27:34.255,0.75515,0.7554,1.75,1.37
2015.09.24 06:27:35.103,0.7552,0.75544,1.50,1.12
2015.09.24 06:27:35.154,0.7552,0.75544,1.50,1.12
2015.09.24 06:27:35.561,0.7552,0.75544,1.87,1.12
