2012.02.23 21:00:00.058,0.66707,0.66733,0.75,3.70
2012.02.23 21:00:00.180,0.66701,0.66729,0.75,0.75
2012.02.23 21:00:00.697,0.66707,0.66733,0.75,3.70
2012.02.23 21:00:01.305,0.66707,0.66732,0.75,0.70
2012.02.23 21:00:02.933,0.66707,0.66733,0.75,3.70
2012.02.23 21:00:04.626,0.66701,0.66729,0.75,0.75
2012.02.23 21:00:04.750,0.66707,0.66733,0.75,0.75
2012.02.23 21:00:05.243,0.66701,0.66729,0.75,0.75
2012.02.23 21:00:07.039,0.66706,0.66732,0.75,0.70
2012.02.23 21:00:07.598,0.66707,0.66733,0.75,4.08
2012.02.23 21:00:08.731,0.66707,0.66732,0.75,0.75
2012.02.23 21:00:09.611,0.66707,0.6673,0.75,0.70
2012.02.23 21:00:09.680,0.66707,0.66733,0.75,3.00
2012.02.23 21:00:11.021,0.66701,0.66729,1.50,0.75
2012.02.23 21:00:13.365,0.66706,0.6673,0.75,0.70
2012.02.23 21:00:13.900,0.66706,0.66731,0.75,1.45
2012.02.23 21:00:14.399,0.66706,0.66733,0.75,2.25
2012.02.23 21:00:20.404,0.66712,0.66733,0.75,2.25
2012.02.23 21:00:20.582,0.66706,0.66733,0.75,2.25
2012.02.23 21:00:23.432,0.66703,0.66733,0.75,2.25
2012.02.23 21:00:23.560,0.66699,0.66732,1.50,0.70
2012.02.23 21:00:23.683,0.66701,0.66731,0.75,0.75
2012.02.23 21:00:23.990,0.66699,0.66723,0.75,0.70
2012.02.23 21:00:24.646,0.66698,0.66724,0.75,0.70
2012.02.23 21:00:24.721,0.66696,0.66724,0.75,0.70
2012.02.23 21:00:25.164,0.66696,0.66708,0.75,0.60
2012.02.23 21:00:25.233,0.66686,0.66705,2.25,0.38
2012.02.23 21:00:25.362,0.66686,0.66703,0.75,2.95
2012.02.23 21:00:25.670,0.66691,0.66703,0.75,0.70
2012.02.23 21:00:26.041,0.66691,0.66716,0.75,0.70
2012.02.23 21:00:27.011,0.66691,0.66715,0.75,0.70
2012.02.23 21:00:27.720,0.66696,0.66715,0.75,0.70
2012.02.23 21:00:27.900,0.66696,0.66722,0.75,2.25
2012.02.23 21:00:27.960,0.66701,0.66722,0.75,2.25
2012.02.23 21:00:28.019,0.66701,0.66727,0.75,0.75
2012.02.23 21:00:28.582,0.66701,0.66728,0.75,1.50
2012.02.23 21:00:30.852,0.66697,0.66723,0.75,0.75
2012.02.23 21:00:43.680,0.66697,0.66714,0.75,1.50
2012.02.23 21:00:50.972,0.66697,0.66711,0.75,1.50
2012.02.23 21:00:52.440,0.66693,0.66711,1.50,1.50
2012.02.23 21:00:52.500,0.66691,0.66709,2.25,1.50
2012.02.23 21:00:55.373,0.66697,0.66709,0.75,1.50
2012.02.23 21:00:55.661,0.66694,0.6671,1.50,1.50
2012.02.23 21:00:56.031,0.66696,0.6671,0.75,1.50
2012.02.23 21:01:10.954,0.66694,0.6671,2.25,1.50
2012.02.23 21:01:11.152,0.66694,0.6671,1.50,1.50
2012.02.23 21:01:14.046,0.66694,0.6671,2.25,1.50
2012.02.23 21:01:16.015,0.66694,0.6671,1.50,1.50
2012.02.23 21:01:18.082,0.66696,0.66713,2.25,1.50
2012.02.23 21:01:18.655,0.66693,0.66711,2.25,1.50
2012.02.23 21:01:21.794,0.66696,0.66712,2.25,1.50
2012.02.23 21:01:22.334,0.66696,0.66713,2.25,1.50
2012.02.23 21:01:30.947,0.66696,0.66712,2.25,1.50
2012.02.23 21:01:31.025,0.66694,0.6671,1.50,1.50
2012.02.23 21:01:37.176,0.6669,0.66706,1.50,1.50
2012.02.23 21:01:38.468,0.6669,0.66706,2.25,1.50
2012.02.23 21:01:43.527,0.6669,0.66706,1.50,1.50
2012.02.23 21:01:44.687,0.66694,0.66706,1.50,1.50
2012.02.23 21:01:44.755,0.66694,0.66709,2.25,1.50
2012.02.23 21:01:45.083,0.66696,0.66712,2.25,1.50
2012.02.23 21:01:46.156,0.66696,0.66712,2.25,1.50
2012.02.23 21:01:46.431,0.66696,0.66712,2.25,1.50
2012.02.23 21:01:49.950,0.66696,0.66712,2.25,1.50
2012.02.23 21:01:50.074,0.66696,0.66712,2.25,1.50
2012.02.23 21:01:50.206,0.66696,0.66712,2.25,1.50
2012.02.23 21:01:53.285,0.66696,0.66712,2.25,1.50
2012.02.23 21:01:53.945,0.66696,0.66712,2.25,1.50
2012.02.23 21:01:54.713,0.66696,0.66712,2.25,1.50
2012.02.23 21:01:54.845,0.66696,0.66712,2.25,1.50
2012.02.23 21:02:05.674,0.66696,0.66712,2.25,1.50
2012.02.23 21:02:15.298,0.66699,0.66715,1.50,1.50
2012.02.23 21:02:15.794,0.66695,0.66713,1.50,1.50
2012.02.23 21:02:19.436,0.66695,0.66713,2.25,1.50
2012.02.23 21:02:19.578,0.66699,0.66714,1.50,1.50
2012.02.23 21:02:20.323,0.66699,0.66715,1.50,1.50
2012.02.23 21:02:23.503,0.66702,0.66718,1.50,1.50
2012.02.23 21:02:26.986,0.66703,0.66722,1.50,1.50
2012.02.23 21:02:28.116,0.66701,0.66719,3.00,1.50
2012.02.23 21:02:28.997,0.66703,0.66722,1.50,1.50
2012.02.23 21:02:29.743,0.66706,0.66724,1.50,1.50
2012.02.23 21:02:40.007,0.66708,0.66727,1.50,1.50
2012.02.23 21:02:44.199,0.66708,0.66727,1.50,2.25
2012.02.23 21:02:45.120,0.66708,0.66727,1.50,1.50
2012.02.23 21:02:45.247,0.66713,0.6673,1.50,1.50
2012.02.23 21:02:46.195,0.66713,0.6673,1.50,2.25
2012.02.23 21:02:46.401,0.66711,0.66727,1.50,1.50
2012.02.23 21:02:46.467,0.66708,0.66727,3.75,1.50
2012.02.23 21:02:50.942,0.6671,0.66727,1.50,1.50
2012.02.23 21:02:51.015,0.66711,0.66729,1.50,2.25
2012.02.23 21:02:52.843,0.66711,0.66729,1.50,2.25
2012.02.23 21:02:55.204,0.6671,0.66727,1.50,1.50
2012.02.23 21:02:55.275,0.66708,0.66727,1.50,1.50
2012.02.23 21:02:55.347,0.66707,0.66718,1.50,1.50
2012.02.23 21:02:55.415,0.66701,0.66718,1.50,1.50
2012.02.23 21:02:56.048,0.66703,0.66721,1.50,1.50
2012.02.23 21:03:04.703,0.667,0.66719,1.50,1.50
2012.02.23 21:03:19.813,0.66704,0.6672,1.50,1.50
2012.02.23 21:03:30.899,0.66707,0.66723,1.50,3.00
2012.02.23 21:03:49.557,0.66709,0.66726,1.50,1.50
2012.02.23 21:03:54.221,0.66707,0.66723,1.50,1.50
2012.02.23 21:03:54.410,0.66708,0.66727,1.50,1.50
2012.02.23 21:03:56.557,0.66709,0.66727,1.50,1.50
2012.02.23 21:03:56.634,0.66712,0.66728,1.50,1.50
2012.02.23 21:04:00.253,0.66709,0.66726,1.50,1.50
2012.02.23 21:04:02.368,0.66707,0.66723,1.50,1.50
2012.02.23 21:04:06.622,0.66708,0.66726,1.50,1.50
2012.02.23 21:04:06.815,0.66713,0.66729,1.50,1.50
2012.02.23 21:04:18.380,0.66718,0.66736,1.50,2.25
2012.02.23 21:04:18.446,0.66718,0.66736,1.50,1.50
2012.02.23 21:04:36.164,0.66719,0.66736,1.50,1.50
2012.02.23 21:04:36.232,0.66719,0.66736,2.25,1.50
2012.02.23 21:04:36.294,0.66721,0.66739,2.25,1.50
2012.02.23 21:04:41.265,0.66721,0.66737,1.50,1.50
2012.02.23 21:04:41.347,0.66718,0.66736,1.50,1.50
2012.02.23 21:04:43.817,0.66721,0.66737,1.50,1.50
2012.02.23 21:04:43.886,0.66721,0.66739,1.50,1.50
2012.02.23 21:04:46.475,0.66719,0.66736,1.50,1.50
2012.02.23 21:04:46.543,0.66717,0.66736,1.50,1.50
2012.02.23 21:04:46.615,0.6672,0.66738,1.50,1.50
2012.02.23 21:04:49.273,0.6672,0.66738,2.25,1.50
2012.02.23 21:04:49.584,0.66724,0.6674,1.50,1.50
2012.02.23 21:04:49.948,0.66724,0.6674,2.25,1.50
2012.02.23 21:04:50.396,0.66726,0.66744,2.25,1.50
2012.02.23 21:04:51.459,0.66728,0.66744,1.50,1.50
2012.02.23 21:04:51.525,0.66729,0.66747,1.50,1.50
2012.02.23 21:04:51.714,0.66731,0.6675,1.50,2.20
2012.02.23 21:04:51.929,0.66731,0.6675,1.50,2.25
2012.02.23 21:04:52.053,0.66729,0.66747,1.50,1.50
2012.02.23 21:04:53.496,0.66726,0.66744,1.50,1.50
2012.02.23 21:04:55.168,0.66726,0.66744,1.50,2.25
2012.02.23 21:04:55.498,0.66724,0.6674,1.50,1.50
2012.02.23 21:04:57.967,0.66726,0.66744,1.50,1.50
2012.02.23 21:05:02.863,0.66724,0.6674,1.50,1.50
2012.02.23 21:05:03.954,0.66723,0.6674,1.50,1.50
2012.02.23 21:05:04.154,0.66726,0.66744,1.50,1.50
2012.02.23 21:05:11.705,0.66723,0.6674,1.50,1.50
2012.02.23 21:05:15.555,0.66725,0.66743,1.50,3.00
2012.02.23 21:05:15.756,0.66725,0.66743,2.25,1.50
2012.02.23 21:05:16.197,0.66725,0.66743,1.50,1.50
2012.02.23 21:05:17.595,0.66723,0.6674,1.50,1.50
2012.02.23 21:05:19.956,0.66726,0.66742,1.50,1.50
2012.02.23 21:05:22.354,0.66723,0.66739,1.50,1.50
2012.02.23 21:05:22.897,0.66722,0.66739,1.50,1.50
2012.02.23 21:05:25.607,0.66725,0.66741,1.50,1.50
2012.02.23 21:05:25.980,0.66725,0.66741,2.25,1.50
2012.02.23 21:05:26.172,0.66725,0.66741,1.50,1.50
2012.02.23 21:05:29.981,0.66727,0.66744,1.50,1.50
2012.02.23 21:05:33.963,0.66728,0.66744,1.50,1.50
2012.02.23 21:05:34.033,0.66729,0.66747,1.50,1.50
2012.02.23 21:05:37.487,0.66729,0.66747,2.25,1.50
2012.02.23 21:05:37.677,0.66731,0.6675,2.25,1.50
2012.02.23 21:05:39.061,0.66731,0.6675,1.50,1.50
2012.02.23 21:05:45.250,0.66735,0.66751,1.50,1.50
2012.02.23 21:05:45.626,0.66731,0.6675,2.25,1.50
2012.02.23 21:05:50.906,0.66731,0.6675,2.25,1.50
2012.02.23 21:05:51.516,0.66731,0.6675,1.50,1.50
2012.02.23 21:05:57.703,0.66733,0.6675,1.50,1.50
2012.02.23 21:05:57.773,0.66734,0.66752,1.50,1.50
2012.02.23 21:06:02.396,0.66734,0.66752,1.50,2.25
2012.02.23 21:06:02.529,0.66732,0.66749,1.50,1.50
2012.02.23 21:06:02.981,0.66729,0.66745,1.50,1.50
2012.02.23 21:06:03.046,0.66731,0.66749,1.50,1.50
2012.02.23 21:06:03.390,0.66735,0.66751,1.50,1.50
2012.02.23 21:06:03.947,0.66737,0.66754,1.50,3.00
2012.02.23 21:06:06.179,0.66737,0.66754,1.50,2.25
2012.02.23 21:06:10.277,0.66735,0.66751,3.00,1.50
2012.02.23 21:06:37.165,0.66732,0.66749,1.50,1.50
2012.02.23 21:06:39.068,0.66735,0.66751,1.50,1.50
2012.02.23 21:06:40.774,0.66732,0.6675,1.50,1.50
2012.02.23 21:06:41.290,0.66731,0.6675,1.50,1.50
2012.02.23 21:06:41.855,0.66734,0.66752,1.50,1.50
2012.02.23 21:06:48.583,0.66731,0.6675,1.50,1.50
2012.02.23 21:06:50.463,0.66731,0.6675,1.50,2.25
2012.02.23 21:06:51.012,0.66731,0.6675,1.50,1.50
2012.02.23 21:06:53.460,0.66735,0.66751,1.50,1.50
2012.02.23 21:06:55.535,0.66731,0.66749,1.50,2.25
2012.02.23 21:06:56.322,0.66731,0.66749,1.50,1.50
2012.02.23 21:06:57.555,0.66734,0.66752,1.50,3.33
2012.02.23 21:06:59.972,0.66734,0.66752,1.50,5.20
2012.02.23 21:07:00.801,0.66734,0.66752,1.50,5.20
2012.02.23 21:07:02.056,0.66732,0.66749,3.00,1.50
2012.02.23 21:07:04.107,0.66739,0.66752,1.50,3.75
2012.02.23 21:07:04.295,0.66739,0.66757,1.50,1.50
2012.02.23 21:07:04.808,0.66739,0.66757,1.50,2.25
2012.02.23 21:07:04.933,0.66731,0.66749,1.50,1.50
2012.02.23 21:07:05.467,0.66734,0.6675,1.50,1.50
2012.02.23 21:07:05.534,0.66734,0.66752,1.50,1.88
2012.02.23 21:07:10.425,0.66734,0.66749,1.50,2.20
2012.02.23 21:07:10.495,0.6673,0.66748,1.50,1.50
2012.02.23 21:07:12.596,0.6673,0.66748,2.25,1.50
2012.02.23 21:07:13.514,0.66733,0.66749,1.50,1.50
2012.02.23 21:07:13.586,0.66733,0.66751,1.50,1.50
2012.02.23 21:07:14.893,0.66736,0.66753,1.50,1.50
2012.02.23 21:07:15.491,0.66736,0.66754,1.50,2.20
2012.02.23 21:07:17.036,0.66741,0.66755,1.50,1.50
2012.02.23 21:07:17.173,0.66741,0.66759,1.50,1.50
2012.02.23 21:07:19.008,0.66745,0.66761,1.50,2.20
2012.02.23 21:07:19.557,0.66745,0.66761,1.50,1.50
2012.02.23 21:07:20.824,0.66747,0.66764,1.50,1.50
2012.02.23 21:07:23.344,0.66749,0.66767,1.50,3.00
2012.02.23 21:07:25.655,0.66748,0.66764,1.50,1.50
2012.02.23 21:07:26.199,0.66747,0.66764,1.50,1.50
2012.02.23 21:07:33.964,0.6675,0.66766,1.50,1.50
2012.02.23 21:07:34.285,0.66751,0.6677,1.50,2.63
2012.02.23 21:07:34.358,0.66751,0.6677,1.50,1.88
2012.02.23 21:07:36.979,0.66749,0.66765,1.50,1.50
2012.02.23 21:07:37.933,0.66751,0.66767,1.50,1.50
2012.02.23 21:07:38.065,0.66751,0.66769,1.50,1.50
2012.02.23 21:07:42.068,0.66751,0.66769,1.50,2.25
2012.02.23 21:07:42.285,0.66749,0.66765,1.50,1.50
2012.02.23 21:07:45.385,0.66749,0.66763,1.50,1.50
2012.02.23 21:07:45.455,0.66745,0.66761,1.50,1.50
2012.02.23 21:07:46.118,0.6674,0.66758,1.50,1.50
2012.02.23 21:08:04.544,0.66738,0.66755,1.50,1.50
2012.02.23 21:08:04.797,0.66735,0.66753,1.50,1.50
2012.02.23 21:08:31.565,0.66738,0.66755,1.50,1.50
2012.02.23 21:08:32.258,0.66738,0.66756,1.50,1.50
2012.02.23 21:08:32.842,0.66737,0.66752,1.50,1.50
2012.02.23 21:08:32.964,0.66735,0.66755,1.50,1.50
2012.02.23 21:08:41.045,0.66738,0.66758,1.50,2.25
2012.02.23 21:08:41.414,0.66734,0.66756,1.50,1.50
2012.02.23 21:08:46.985,0.66734,0.66756,2.31,1.50
2012.02.23 21:08:47.060,0.66738,0.66758,3.75,2.25
2012.02.23 21:08:47.124,0.66742,0.66762,1.50,2.25
2012.02.23 21:08:47.195,0.66742,0.66762,1.50,1.50
2012.02.23 21:08:47.394,0.66735,0.66757,2.25,1.50
2012.02.23 21:08:47.813,0.66739,0.66759,1.50,1.50
2012.02.23 21:08:49.673,0.66739,0.66759,1.50,2.25
2012.02.23 21:08:49.988,0.66734,0.66756,1.50,1.50
2012.02.23 21:08:58.402,0.6674,0.66762,1.50,1.50
2012.02.23 21:08:58.897,0.6674,0.66762,2.25,1.50
2012.02.23 21:08:58.967,0.6674,0.66762,1.50,1.50
2012.02.23 21:09:11.894,0.66744,0.6676,1.50,1.50
2012.02.23 21:09:24.604,0.66744,0.66759,1.50,1.50
2012.02.23 21:09:24.674,0.6674,0.66758,1.50,1.50
2012.02.23 21:09:30.235,0.66741,0.66758,1.50,1.50
2012.02.23 21:09:30.784,0.66744,0.6676,1.50,1.50
2012.02.23 21:09:34.967,0.66747,0.66763,1.50,1.50
2012.02.23 21:09:49.634,0.66749,0.66766,1.50,1.50
2012.02.23 21:09:50.683,0.66746,0.66764,1.50,1.50
2012.02.23 21:09:51.094,0.66748,0.66767,1.50,1.50
2012.02.23 21:09:58.020,0.66747,0.66764,1.50,1.50
2012.02.23 21:09:58.687,0.66746,0.66764,1.50,1.50
2012.02.23 21:10:00.866,0.66747,0.66764,1.50,1.50
2012.02.23 21:10:00.937,0.66748,0.66767,1.50,1.50
2012.02.23 21:10:01.286,0.6675,0.66767,1.50,1.50
2012.02.23 21:10:01.635,0.66751,0.66769,1.50,1.50
2012.02.23 21:10:15.813,0.66751,0.66768,1.50,1.50
2012.02.23 21:10:15.883,0.66749,0.66765,1.50,1.50
2012.02.23 21:10:20.163,0.66752,0.66768,1.50,1.50
2012.02.23 21:10:22.375,0.66749,0.66765,1.50,1.50
2012.02.23 21:10:22.981,0.66751,0.66767,1.50,1.50
2012.02.23 21:10:25.845,0.66751,0.66767,1.50,3.75
2012.02.23 21:10:25.915,0.66747,0.66765,1.50,2.25
2012.02.23 21:10:29.684,0.66747,0.66765,1.50,2.25
2012.02.23 21:10:29.757,0.66747,0.66761,1.50,1.50
2012.02.23 21:10:29.886,0.66741,0.66759,1.50,1.50
2012.02.23 21:10:30.101,0.66744,0.66761,1.50,1.50
2012.02.23 21:10:30.449,0.66747,0.66763,1.50,1.50
2012.02.23 21:10:34.754,0.6675,0.66766,1.50,2.25
2012.02.23 21:10:34.955,0.66752,0.66769,1.50,2.25
2012.02.23 21:10:35.858,0.6675,0.66766,1.50,1.50
2012.02.23 21:10:35.924,0.66748,0.66766,3.75,1.50
2012.02.23 21:10:38.924,0.66748,0.66766,1.50,2.25
2012.02.23 21:10:39.404,0.66748,0.66766,1.50,1.50
2012.02.23 21:10:40.347,0.66748,0.66766,1.50,2.25
2012.02.23 21:10:40.626,0.66748,0.66766,1.50,1.50
2012.02.23 21:10:41.677,0.66748,0.66766,1.50,2.25
2012.02.23 21:10:42.296,0.66745,0.66763,1.50,1.50
2012.02.23 21:10:43.102,0.66745,0.66763,1.50,2.20
2012.02.23 21:10:43.537,0.66747,0.66766,1.50,2.20
2012.02.23 21:10:43.665,0.66752,0.66768,1.50,2.25
2012.02.23 21:10:44.306,0.66752,0.66767,1.50,1.50
2012.02.23 21:10:44.374,0.66749,0.66765,1.50,1.50
2012.02.23 21:10:47.660,0.66751,0.66767,1.50,1.50
2012.02.23 21:10:48.453,0.66751,0.66769,1.50,2.25
2012.02.23 21:10:54.235,0.66751,0.66769,1.50,2.25
2012.02.23 21:10:54.737,0.66751,0.66769,1.50,1.50
2012.02.23 21:10:59.015,0.66754,0.66769,1.50,1.50
2012.02.23 21:10:59.235,0.66755,0.66773,1.50,1.50
2012.02.23 21:10:59.305,0.66754,0.6677,1.50,1.50
2012.02.23 21:10:59.376,0.66751,0.6677,1.50,1.50
2012.02.23 21:11:13.464,0.66755,0.66771,1.50,1.50
2012.02.23 21:11:20.784,0.66752,0.66769,1.50,1.50
2012.02.23 21:11:44.608,0.66753,0.66769,1.50,1.50
2012.02.23 21:11:45.265,0.66755,0.66771,1.50,1.50
2012.02.23 21:11:46.086,0.66756,0.66771,1.50,1.50
2012.02.23 21:11:46.214,0.66757,0.66775,1.50,2.95
2012.02.23 21:11:46.783,0.66757,0.66775,1.50,2.20
2012.02.23 21:11:48.187,0.66764,0.6678,1.50,1.50
2012.02.23 21:11:53.477,0.66764,0.6678,1.50,2.25
2012.02.23 21:11:53.548,0.66759,0.66778,1.50,2.25
2012.02.23 21:11:54.068,0.6676,0.66778,1.50,2.25
2012.02.23 21:11:54.142,0.66762,0.6678,1.50,2.25
2012.02.23 21:11:56.117,0.6676,0.66777,1.50,1.50
2012.02.23 21:11:58.978,0.66757,0.66773,1.50,1.50
2012.02.23 21:12:00.062,0.66754,0.6677,1.50,1.50
2012.02.23 21:12:01.315,0.66755,0.6677,1.50,1.50
2012.02.23 21:12:01.387,0.66757,0.66773,1.50,1.50
2012.02.23 21:12:07.999,0.66759,0.66778,1.50,1.50
2012.02.23 21:12:09.991,0.66761,0.66778,1.50,1.50
2012.02.23 21:12:10.057,0.66762,0.6678,1.50,1.50
2012.02.23 21:12:13.414,0.66762,0.6678,1.50,2.25
2012.02.23 21:12:15.058,0.66762,0.6678,1.50,1.50
2012.02.23 21:12:15.270,0.66759,0.66778,1.50,1.50
2012.02.23 21:12:26.636,0.66759,0.66776,1.50,1.50
2012.02.23 21:12:26.705,0.66756,0.66774,1.50,1.50
2012.02.23 21:12:38.279,0.66756,0.66774,2.25,1.50
2012.02.23 21:12:38.353,0.66759,0.66777,1.50,1.50
2012.02.23 21:12:49.118,0.66756,0.66773,1.50,1.50
2012.02.23 21:12:49.975,0.66758,0.66776,1.50,1.50
2012.02.23 21:12:50.166,0.66756,0.66772,1.50,1.50
2012.02.23 21:12:50.483,0.66759,0.66775,1.50,1.50
2012.02.23 21:13:23.710,0.66759,0.66775,1.50,2.25
2012.02.23 21:13:24.276,0.66759,0.66775,1.50,1.50
2012.02.23 21:13:25.086,0.66759,0.66775,1.50,2.25
2012.02.23 21:13:25.403,0.66759,0.66775,1.50,1.50
2012.02.23 21:13:26.682,0.66759,0.66775,1.50,2.25
2012.02.23 21:13:27.252,0.66759,0.66775,1.50,1.50
2012.02.23 21:13:28.222,0.66759,0.66775,1.50,2.25
2012.02.23 21:13:28.828,0.66759,0.66775,1.50,2.25
2012.02.23 21:13:30.017,0.66756,0.66773,1.50,2.25
2012.02.23 21:13:36.383,0.66757,0.66773,1.50,1.50
2012.02.23 21:13:36.453,0.66758,0.66776,1.50,1.50
2012.02.23 21:13:53.527,0.66761,0.66777,1.50,1.50
2012.02.23 21:13:53.596,0.66761,0.66779,1.50,1.50
2012.02.23 21:14:08.419,0.66761,0.66779,1.50,2.25
2012.02.23 21:14:09.125,0.66761,0.66779,1.50,1.50
2012.02.23 21:14:10.357,0.66758,0.66776,1.50,1.50
2012.02.23 21:14:15.320,0.66759,0.66776,1.50,1.50
2012.02.23 21:14:16.731,0.66758,0.66777,1.50,1.50
2012.02.23 21:14:26.197,0.66761,0.66778,1.50,2.25
2012.02.23 21:14:35.186,0.66759,0.66776,1.50,1.50
2012.02.23 21:14:43.089,0.66763,0.66778,1.50,2.25
2012.02.23 21:14:43.275,0.66763,0.66781,1.50,1.50
2012.02.23 21:14:43.645,0.66761,0.66777,3.00,1.50
2012.02.23 21:14:43.835,0.66764,0.66781,1.50,1.50
2012.02.23 21:14:44.654,0.66759,0.66776,1.50,1.50
2012.02.23 21:14:44.964,0.66762,0.66778,1.50,1.50
2012.02.23 21:14:50.724,0.66764,0.6678,1.50,1.50
2012.02.23 21:14:50.795,0.66764,0.66782,1.50,1.50
2012.02.23 21:14:51.107,0.66767,0.66783,1.50,1.50
2012.02.23 21:14:51.746,0.66783,0.66793,1.50,1.50
2012.02.23 21:14:51.826,0.66789,0.66805,1.50,2.20
2012.02.23 21:14:52.196,0.66786,0.66803,1.50,1.50
2012.02.23 21:14:52.267,0.6679,0.66805,1.50,1.50
2012.02.23 21:14:52.785,0.6679,0.66806,1.50,1.50
2012.02.23 21:14:53.676,0.66788,0.66804,1.50,1.50
2012.02.23 21:14:53.864,0.6678,0.66798,1.50,1.50
2012.02.23 21:14:54.545,0.66784,0.668,1.50,1.50
2012.02.23 21:14:54.865,0.66789,0.66805,1.50,1.50
2012.02.23 21:14:58.034,0.66791,0.66807,1.50,1.50
2012.02.23 21:14:58.557,0.66791,0.66808,1.50,1.50
2012.02.23 21:15:00.549,0.66791,0.66808,1.50,2.25
2012.02.23 21:15:00.678,0.66788,0.66804,1.50,2.25
2012.02.23 21:15:01.248,0.66788,0.66804,1.50,2.25
2012.02.23 21:15:03.346,0.66785,0.66801,1.50,1.50
2012.02.23 21:15:07.006,0.66779,0.66795,1.50,2.25
2012.02.23 21:15:07.137,0.66773,0.66791,2.25,1.50
2012.02.23 21:15:10.164,0.66778,0.66792,1.50,1.50
2012.02.23 21:15:10.235,0.66778,0.66794,1.50,1.50
2012.02.23 21:15:13.715,0.66774,0.66792,1.50,1.50
2012.02.23 21:15:17.893,0.66774,0.66792,1.50,2.25
2012.02.23 21:15:20.787,0.66777,0.66795,1.50,2.25
2012.02.23 21:15:20.857,0.6678,0.66799,1.50,1.50
2012.02.23 21:15:20.984,0.66782,0.66799,1.50,1.50
2012.02.23 21:15:21.056,0.66783,0.66801,1.50,1.50
2012.02.23 21:15:21.504,0.66782,0.66798,1.50,1.50
2012.02.23 21:15:22.076,0.66781,0.66798,1.50,1.50
2012.02.23 21:15:24.080,0.66773,0.66791,1.50,1.50
2012.02.23 21:15:26.666,0.66776,0.66792,1.50,1.50
2012.02.23 21:15:26.736,0.66776,0.66794,1.50,1.50
2012.02.23 21:15:26.804,0.66779,0.66797,1.50,2.20
2012.02.23 21:15:27.113,0.66783,0.66799,1.50,1.50
2012.02.23 21:15:33.404,0.66783,0.66799,1.50,2.25
2012.02.23 21:15:33.478,0.66779,0.66798,1.50,2.95
2012.02.23 21:15:45.204,0.66779,0.66798,1.50,2.25
2012.02.23 21:15:45.400,0.66777,0.66795,1.50,2.25
2012.02.23 21:15:50.446,0.66775,0.66791,3.00,1.50
2012.02.23 21:15:51.035,0.66779,0.66792,1.50,2.25
2012.02.23 21:15:51.225,0.66779,0.66797,1.50,1.50
2012.02.23 21:15:51.294,0.66783,0.66798,1.50,1.50
2012.02.23 21:15:57.563,0.66783,0.66799,1.50,1.50
2012.02.23 21:16:00.974,0.66783,0.66799,1.50,2.25
2012.02.23 21:16:01.044,0.66779,0.66798,1.50,2.25
2012.02.23 21:16:01.359,0.66778,0.66795,1.50,1.50
2012.02.23 21:16:02.057,0.66777,0.66795,1.50,1.50
2012.02.23 21:16:02.649,0.66776,0.6679,1.50,1.50
2012.02.23 21:16:02.715,0.66774,0.6679,1.50,1.50
2012.02.23 21:16:02.785,0.66771,0.66787,1.50,1.50
2012.02.23 21:16:04.618,0.66779,0.66795,1.50,2.25
2012.02.23 21:16:04.685,0.66779,0.66795,1.50,1.50
2012.02.23 21:16:05.406,0.66779,0.66795,1.50,2.25
2012.02.23 21:16:05.920,0.66779,0.66795,1.50,1.50
2012.02.23 21:16:10.188,0.66781,0.66797,1.50,1.50
2012.02.23 21:16:10.375,0.66781,0.66799,1.50,1.50
2012.02.23 21:16:11.307,0.66781,0.66799,1.50,2.20
2012.02.23 21:16:12.604,0.66781,0.66799,1.50,2.20
2012.02.23 21:16:13.214,0.66781,0.66799,1.50,2.20
2012.02.23 21:16:17.744,0.66781,0.66799,1.50,2.20
2012.02.23 21:16:22.035,0.66781,0.66799,1.50,2.58
2012.02.23 21:16:25.837,0.66785,0.66801,1.50,1.50
2012.02.23 21:16:40.187,0.66781,0.66799,1.50,1.50
2012.02.23 21:16:52.013,0.66781,0.66799,2.25,1.50
2012.02.23 21:16:59.026,0.66781,0.66799,1.50,1.50
2012.02.23 21:16:59.094,0.66781,0.66798,2.25,2.58
2012.02.23 21:16:59.469,0.66778,0.66795,2.25,1.50
2012.02.23 21:16:59.537,0.66778,0.66795,1.50,1.50
2012.02.23 21:16:59.727,0.66776,0.66792,1.50,1.50
2012.02.23 21:17:04.968,0.66776,0.66792,2.25,1.50
2012.02.23 21:17:06.515,0.66776,0.66792,1.50,1.50
2012.02.23 21:17:11.885,0.66776,0.66792,2.25,1.50
2012.02.23 21:17:12.074,0.66778,0.66795,1.50,1.08
2012.02.23 21:17:12.867,0.66778,0.66796,1.50,1.50
2012.02.23 21:17:20.035,0.66778,0.66792,1.50,2.25
2012.02.23 21:17:20.597,0.66775,0.66793,2.25,1.50
2012.02.23 21:17:25.891,0.66775,0.66793,2.25,1.50
2012.02.23 21:17:25.955,0.66779,0.66795,2.25,2.20
2012.02.23 21:17:26.157,0.66779,0.66795,1.50,2.20
2012.02.23 21:17:26.230,0.66779,0.66794,1.50,1.45
2012.02.23 21:17:26.298,0.66776,0.66791,2.25,2.95
2012.02.23 21:17:26.981,0.66775,0.66791,2.25,1.50
2012.02.23 21:17:28.688,0.66775,0.66791,2.25,1.50
2012.02.23 21:17:28.937,0.66789,0.66802,1.50,1.45
2012.02.23 21:17:29.638,0.66789,0.66806,1.50,2.58
2012.02.23 21:17:29.714,0.66797,0.66813,1.50,1.50
2012.02.23 21:17:29.788,0.66799,0.66813,1.50,1.50
2012.02.23 21:17:29.858,0.66801,0.66818,1.50,2.25
2012.02.23 21:17:32.250,0.66801,0.66817,1.50,1.50
2012.02.23 21:17:32.315,0.66799,0.66815,1.50,1.50
2012.02.23 21:17:35.950,0.66796,0.66812,1.50,1.50
2012.02.23 21:17:36.874,0.66791,0.66809,1.50,1.50
2012.02.23 21:17:38.496,0.66788,0.66807,1.50,1.50
2012.02.23 21:17:40.799,0.66788,0.66806,1.50,1.50
2012.02.23 21:17:43.494,0.66789,0.66806,1.50,1.50
2012.02.23 21:17:44.319,0.66792,0.66808,1.50,1.50
2012.02.23 21:17:44.386,0.66788,0.66806,1.50,1.50
2012.02.23 21:18:00.405,0.66792,0.66808,1.50,3.00
2012.02.23 21:18:01.567,0.6679,0.66806,1.50,1.50
2012.02.23 21:18:01.636,0.66788,0.66806,1.50,1.50
2012.02.23 21:18:08.008,0.66788,0.66804,1.50,1.50
2012.02.23 21:18:08.083,0.66785,0.66803,1.50,1.50
2012.02.23 21:18:08.328,0.66787,0.66806,1.50,1.50
2012.02.23 21:18:12.295,0.66785,0.66803,1.50,1.50
2012.02.23 21:18:19.264,0.66783,0.66799,3.00,1.50
2012.02.23 21:18:20.938,0.66784,0.66799,2.25,1.50
2012.02.23 21:18:21.007,0.66785,0.66803,3.00,1.50
2012.02.23 21:18:21.077,0.66793,0.66811,1.50,1.50
2012.02.23 21:18:21.207,0.66798,0.66811,1.50,1.50
2012.02.23 21:18:21.772,0.66799,0.66817,1.50,1.50
2012.02.23 21:18:21.860,0.66796,0.66812,1.50,1.50
2012.02.23 21:18:25.625,0.66793,0.66809,1.50,1.50
2012.02.23 21:18:25.948,0.66797,0.66813,1.50,1.50
2012.02.23 21:18:26.486,0.66794,0.66811,3.00,1.50
2012.02.23 21:18:31.996,0.66795,0.66811,1.50,1.50
2012.02.23 21:18:32.067,0.66796,0.66814,1.50,1.50
2012.02.23 21:18:36.397,0.66794,0.66811,1.50,1.50
2012.02.23 21:18:49.584,0.66796,0.66813,1.50,1.50
2012.02.23 21:18:50.223,0.66796,0.66814,1.50,1.50
2012.02.23 21:18:52.424,0.66794,0.66811,3.00,1.50
2012.02.23 21:19:04.685,0.66797,0.66813,1.50,1.50
2012.02.23 21:19:10.390,0.668,0.66816,1.50,1.50
2012.02.23 21:19:10.464,0.66799,0.66819,1.50,1.50
2012.02.23 21:19:10.584,0.66795,0.66824,1.50,1.50
2012.02.23 21:19:13.739,0.66795,0.66822,1.50,1.50
2012.02.23 21:19:13.805,0.66791,0.66821,2.25,1.50
2012.02.23 21:19:13.995,0.66791,0.66821,2.25,1.50
2012.02.23 21:19:28.176,0.66791,0.66821,2.25,1.50
2012.02.23 21:19:30.234,0.6679,0.66815,2.25,1.50
2012.02.23 21:19:30.718,0.66786,0.66815,2.25,1.50
2012.02.23 21:19:30.984,0.66784,0.66812,3.75,1.50
2012.02.23 21:20:01.906,0.66781,0.6681,2.25,1.50
2012.02.23 21:20:05.706,0.66783,0.66811,2.25,1.50
2012.02.23 21:20:06.276,0.66783,0.66812,2.25,2.25
2012.02.23 21:20:08.443,0.66783,0.66812,2.25,2.63
2012.02.23 21:20:09.103,0.66783,0.66812,2.25,3.70
2012.02.23 21:20:09.322,0.66783,0.66812,2.25,3.00
2012.02.23 21:20:28.985,0.66783,0.66811,2.25,1.50
2012.02.23 21:20:29.555,0.66782,0.66809,2.25,1.50
2012.02.23 21:20:31.200,0.66782,0.66809,1.50,1.50
2012.02.23 21:20:36.101,0.66784,0.66812,1.50,3.75
2012.02.23 21:20:36.229,0.66784,0.66812,2.25,3.75
2012.02.23 21:20:38.639,0.66784,0.66812,2.25,3.75
2012.02.23 21:20:39.181,0.66784,0.66812,2.25,3.75
2012.02.23 21:20:45.083,0.66784,0.66812,2.25,3.75
2012.02.23 21:20:45.151,0.66787,0.66814,2.25,1.50
2012.02.23 21:20:45.516,0.66785,0.66812,2.25,1.50
2012.02.23 21:20:47.126,0.66787,0.66813,2.25,2.25
2012.02.23 21:20:49.524,0.66783,0.66813,2.25,3.75
2012.02.23 21:20:49.836,0.6679,0.6681,1.50,1.50
2012.02.23 21:20:50.377,0.66786,0.66808,2.25,1.50
2012.02.23 21:20:51.914,0.66786,0.66808,2.25,1.50
2012.02.23 21:20:52.005,0.6679,0.6681,1.50,3.00
2012.02.23 21:20:52.317,0.6679,0.66807,2.25,1.50
2012.02.23 21:20:54.166,0.66788,0.66805,2.25,1.50
2012.02.23 21:20:56.350,0.66783,0.66801,2.25,1.50
2012.02.23 21:20:57.906,0.66783,0.66801,2.25,1.50
2012.02.23 21:21:04.455,0.66783,0.66801,2.25,1.50
2012.02.23 21:21:05.586,0.66786,0.66804,2.25,1.50
2012.02.23 21:21:06.496,0.6679,0.66806,2.25,1.50
2012.02.23 21:21:06.569,0.6679,0.66806,2.25,1.50
2012.02.23 21:21:12.693,0.6679,0.66806,2.25,1.50
2012.02.23 21:21:12.826,0.66792,0.66809,2.25,1.50
2012.02.23 21:21:13.364,0.66792,0.6681,2.25,1.50
2012.02.23 21:21:15.948,0.66792,0.6681,2.25,1.50
2012.02.23 21:21:16.727,0.66792,0.6681,2.25,1.50
2012.02.23 21:21:17.059,0.66798,0.66815,2.25,1.50
2012.02.23 21:21:17.879,0.66798,0.66816,2.25,1.50
2012.02.23 21:21:18.205,0.66798,0.66816,1.50,1.50
2012.02.23 21:21:18.279,0.66795,0.66811,2.25,1.50
2012.02.23 21:21:22.265,0.66795,0.66811,2.25,1.50
2012.02.23 21:21:22.475,0.66798,0.66814,1.50,3.00
2012.02.23 21:21:29.374,0.66795,0.66812,3.75,1.50
2012.02.23 21:21:29.506,0.66795,0.66812,3.00,1.50
2012.02.23 21:21:29.577,0.66793,0.66809,1.50,1.50
2012.02.23 21:21:30.152,0.66793,0.66812,2.25,1.50
2012.02.23 21:21:32.568,0.66792,0.66806,2.25,1.50
2012.02.23 21:21:32.755,0.66792,0.66808,2.25,1.50
2012.02.23 21:21:32.827,0.66791,0.66803,2.25,1.50
2012.02.23 21:21:32.957,0.66792,0.66805,2.25,1.50
2012.02.23 21:21:33.028,0.66792,0.66808,2.25,1.50
2012.02.23 21:21:33.100,0.66793,0.6681,1.50,1.50
2012.02.23 21:21:33.228,0.66792,0.66805,2.25,1.50
2012.02.23 21:21:33.418,0.66793,0.66807,1.50,1.50
2012.02.23 21:21:34.059,0.66788,0.66806,2.25,1.50
2012.02.23 21:21:34.587,0.66788,0.66806,1.50,1.50
2012.02.23 21:21:36.406,0.66788,0.66806,2.25,1.50
2012.02.23 21:21:36.654,0.66788,0.66806,1.50,1.50
2012.02.23 21:21:38.937,0.66788,0.66806,2.25,1.50
2012.02.23 21:21:39.005,0.66788,0.66806,1.50,1.50
2012.02.23 21:21:41.687,0.66788,0.66806,2.25,1.50
2012.02.23 21:21:42.060,0.66786,0.66802,2.25,1.50
2012.02.23 21:21:42.127,0.66786,0.66802,2.25,1.50
2012.02.23 21:21:42.498,0.66786,0.66802,2.25,1.50
2012.02.23 21:21:43.035,0.66786,0.66802,2.25,1.50
2012.02.23 21:21:44.839,0.66783,0.66799,3.75,1.50
2012.02.23 21:21:45.957,0.66784,0.66799,2.25,1.50
2012.02.23 21:21:46.028,0.66786,0.66804,2.25,1.50
2012.02.23 21:21:46.218,0.66789,0.66806,1.50,1.50
2012.02.23 21:21:48.561,0.66794,0.6681,1.50,1.50
2012.02.23 21:21:52.036,0.66791,0.66807,2.25,1.50
2012.02.23 21:21:56.090,0.66791,0.66807,2.25,1.50
2012.02.23 21:21:57.977,0.66791,0.66807,2.25,1.50
2012.02.23 21:22:25.858,0.66791,0.66807,2.25,1.50
2012.02.23 21:22:26.185,0.66787,0.66805,2.25,1.50
2012.02.23 21:22:30.862,0.66787,0.66805,1.50,1.50
2012.02.23 21:22:32.566,0.66787,0.66805,2.25,1.50
2012.02.23 21:22:34.159,0.6679,0.66806,2.25,1.50
2012.02.23 21:22:34.953,0.6679,0.66807,2.25,1.50
2012.02.23 21:22:43.119,0.6679,0.66807,1.50,1.50
2012.02.23 21:22:55.352,0.66792,0.6681,1.50,3.00
2012.02.23 21:22:59.064,0.66792,0.66809,1.50,1.50
2012.02.23 21:22:59.137,0.66789,0.66808,1.50,1.50
2012.02.23 21:23:02.528,0.66789,0.66808,2.25,1.50
2012.02.23 21:23:03.275,0.66789,0.66808,1.50,1.50
2012.02.23 21:23:03.575,0.66789,0.66808,1.50,2.25
2012.02.23 21:23:03.776,0.6678,0.66796,1.50,1.50
2012.02.23 21:23:05.185,0.6678,0.66796,2.25,1.50
2012.02.23 21:23:05.256,0.66786,0.66804,1.50,2.20
2012.02.23 21:23:05.325,0.66786,0.66804,1.50,1.50
2012.02.23 21:23:05.940,0.66786,0.66803,1.50,1.50
2012.02.23 21:23:06.009,0.66783,0.66801,1.50,1.50
2012.02.23 21:23:08.382,0.66783,0.66801,2.25,1.50
2012.02.23 21:23:13.915,0.66786,0.66804,2.25,1.50
2012.02.23 21:23:14.455,0.66786,0.66804,1.50,1.50
2012.02.23 21:23:15.407,0.66783,0.66801,1.50,1.50
2012.02.23 21:23:27.058,0.66782,0.66798,2.25,1.50
2012.02.23 21:23:28.028,0.66784,0.668,1.50,1.50
2012.02.23 21:23:30.439,0.66784,0.668,2.25,1.50
2012.02.23 21:23:30.520,0.66784,0.668,1.50,1.50
2012.02.23 21:23:30.588,0.66784,0.668,2.25,1.50
2012.02.23 21:23:31.668,0.66784,0.668,1.50,1.50
2012.02.23 21:23:33.051,0.66784,0.668,2.25,1.50
2012.02.23 21:23:33.556,0.66784,0.668,1.50,1.50
2012.02.23 21:23:34.220,0.66784,0.66799,1.50,1.50
2012.02.23 21:23:34.302,0.6678,0.66798,2.25,1.50
2012.02.23 21:23:36.060,0.6678,0.66798,2.25,1.50
2012.02.23 21:23:37.124,0.66779,0.66794,2.25,1.50
2012.02.23 21:23:37.505,0.6678,0.66798,2.25,1.50
2012.02.23 21:23:48.485,0.66785,0.668,2.25,1.50
2012.02.23 21:23:49.199,0.66785,0.66801,1.50,1.50
2012.02.23 21:23:49.429,0.66785,0.66801,2.25,1.50
2012.02.23 21:23:49.734,0.66785,0.66801,1.50,1.50
2012.02.23 21:23:49.866,0.66785,0.66801,2.25,1.50
2012.02.23 21:23:50.628,0.66785,0.66801,1.50,1.50
2012.02.23 21:23:51.651,0.66788,0.66804,1.50,1.50
2012.02.23 21:23:54.555,0.66785,0.66801,1.50,1.50
2012.02.23 21:24:19.086,0.66787,0.66805,1.50,1.50
2012.02.23 21:24:20.698,0.6679,0.66807,1.50,1.50
2012.02.23 21:24:21.365,0.66788,0.66804,1.50,1.50
2012.02.23 21:24:24.708,0.66788,0.66803,1.50,1.50
2012.02.23 21:24:24.835,0.66784,0.66802,1.50,1.50
2012.02.23 21:24:26.920,0.66784,0.66802,2.25,1.50
2012.02.23 21:24:28.788,0.66788,0.66804,1.50,1.50
2012.02.23 21:24:32.244,0.66788,0.66804,1.50,1.88
2012.02.23 21:24:32.499,0.66784,0.66802,1.50,2.95
2012.02.23 21:24:33.023,0.66784,0.66802,1.50,2.20
2012.02.23 21:24:36.493,0.66784,0.66802,2.25,1.50
2012.02.23 21:24:36.744,0.66784,0.66802,1.50,1.50
2012.02.23 21:24:41.629,0.66781,0.668,2.25,1.50
2012.02.23 21:24:41.995,0.66781,0.668,2.25,1.50
2012.02.23 21:24:42.914,0.66785,0.66801,2.25,1.50
2012.02.23 21:24:45.907,0.66788,0.66804,1.50,1.50
2012.02.23 21:24:58.468,0.6679,0.66804,1.50,1.50
2012.02.23 21:24:58.536,0.66792,0.6681,1.50,2.25
2012.02.23 21:24:58.605,0.66794,0.6681,1.50,1.50
2012.02.23 21:24:58.676,0.66795,0.66813,1.50,1.50
2012.02.23 21:24:58.805,0.66797,0.66813,1.50,1.50
2012.02.23 21:24:59.113,0.66799,0.66815,1.50,2.20
2012.02.23 21:25:00.208,0.66799,0.66815,1.50,1.50
2012.02.23 21:25:00.988,0.66802,0.66819,1.50,2.25
2012.02.23 21:25:03.475,0.66802,0.66819,1.50,2.25
2012.02.23 21:25:03.987,0.66799,0.66817,3.00,1.50
2012.02.23 21:25:05.133,0.66803,0.66821,1.50,2.25
2012.02.23 21:25:05.198,0.66803,0.66821,1.50,1.50
2012.02.23 21:25:08.077,0.66807,0.66824,1.50,2.25
2012.02.23 21:25:10.637,0.66804,0.66822,3.00,1.50
2012.02.23 21:25:11.889,0.66802,0.6682,1.50,1.50
2012.02.23 21:25:12.485,0.66801,0.6682,1.50,1.50
2012.02.23 21:25:12.909,0.66805,0.66821,1.50,1.50
2012.02.23 21:25:13.494,0.66805,0.66823,1.50,1.50
2012.02.23 21:25:15.388,0.66805,0.66823,2.25,1.50
2012.02.23 21:25:16.026,0.6681,0.66826,1.50,1.50
2012.02.23 21:25:17.576,0.6681,0.66825,1.50,1.50
2012.02.23 21:25:17.644,0.66806,0.66824,1.50,1.50
2012.02.23 21:25:20.075,0.66806,0.66824,2.25,1.50
2012.02.23 21:25:21.581,0.66809,0.66827,1.50,1.50
2012.02.23 21:25:22.006,0.66806,0.66824,1.50,1.50
2012.02.23 21:25:23.076,0.66806,0.66824,2.25,1.50
2012.02.23 21:25:23.630,0.66806,0.66824,1.50,1.50
2012.02.23 21:25:24.214,0.66806,0.66822,1.50,2.25
2012.02.23 21:25:24.288,0.66803,0.66821,1.50,1.50
2012.02.23 21:25:25.405,0.66803,0.66821,2.25,1.50
2012.02.23 21:25:26.439,0.66806,0.66822,2.25,2.25
2012.02.23 21:25:26.507,0.66806,0.66825,1.50,1.50
2012.02.23 21:25:27.365,0.66806,0.66821,1.50,1.50
2012.02.23 21:25:27.437,0.66803,0.66819,1.50,1.50
2012.02.23 21:25:33.288,0.66803,0.66818,1.50,1.50
2012.02.23 21:25:34.001,0.66799,0.66817,2.25,1.50
2012.02.23 21:25:36.946,0.66801,0.66818,2.25,1.50
2012.02.23 21:25:37.168,0.66801,0.6682,2.25,1.50
2012.02.23 21:25:40.977,0.66801,0.6682,2.25,1.50
2012.02.23 21:25:41.126,0.66804,0.66822,2.25,1.50
2012.02.23 21:25:41.196,0.66804,0.66822,1.50,1.50
2012.02.23 21:25:41.265,0.66804,0.66822,2.25,1.50
2012.02.23 21:25:41.467,0.66804,0.66822,1.50,1.50
2012.02.23 21:25:49.280,0.66804,0.66822,2.25,1.50
2012.02.23 21:25:49.915,0.66804,0.66822,1.50,1.50
2012.02.23 21:25:52.894,0.66804,0.6682,1.50,1.50
2012.02.23 21:25:53.256,0.66802,0.66818,1.50,1.50
2012.02.23 21:26:13.484,0.66802,0.66818,2.25,1.50
2012.02.23 21:26:14.898,0.66802,0.66818,2.25,1.50
2012.02.23 21:26:16.894,0.66806,0.66822,1.50,1.50
2012.02.23 21:26:19.187,0.66806,0.66822,2.25,1.50
2012.02.23 21:26:21.654,0.66809,0.66825,1.50,1.50
2012.02.23 21:26:21.725,0.66805,0.66821,1.50,1.50
2012.02.23 21:26:22.036,0.66804,0.66822,2.25,3.75
2012.02.23 21:26:29.384,0.66807,0.66825,2.25,1.50
2012.02.23 21:26:59.571,0.66807,0.66819,1.50,1.50
2012.02.23 21:26:59.638,0.66799,0.66814,1.50,1.50
2012.02.23 21:26:59.706,0.66797,0.66814,1.50,1.50
2012.02.23 21:27:00.567,0.668,0.66816,1.50,1.50
2012.02.23 21:27:01.455,0.66802,0.66819,1.50,1.50
2012.02.23 21:27:01.974,0.66802,0.6682,1.50,1.50
2012.02.23 21:27:02.518,0.66807,0.66822,1.50,1.50
2012.02.23 21:27:03.043,0.66807,0.66823,1.50,1.50
2012.02.23 21:27:31.541,0.6681,0.66826,2.25,1.50
2012.02.23 21:27:32.253,0.6681,0.66826,1.50,1.50
2012.02.23 21:27:32.367,0.66807,0.66823,3.75,1.50
2012.02.23 21:27:32.677,0.66807,0.66823,2.25,1.50
2012.02.23 21:27:32.747,0.66809,0.66828,2.25,1.50
2012.02.23 21:27:33.915,0.66813,0.66829,1.50,1.50
2012.02.23 21:27:50.814,0.6681,0.66827,2.25,1.50
2012.02.23 21:27:53.304,0.66813,0.66829,1.50,1.50
2012.02.23 21:27:57.129,0.66815,0.66832,1.50,1.50
2012.02.23 21:28:06.686,0.66816,0.66832,1.50,1.50
2012.02.23 21:28:06.757,0.66817,0.66835,1.50,1.50
2012.02.23 21:28:06.958,0.66815,0.66832,1.50,1.50
2012.02.23 21:28:09.422,0.66815,0.66831,1.50,1.50
2012.02.23 21:28:09.727,0.66812,0.66828,1.50,1.50
2012.02.23 21:28:09.916,0.66814,0.66832,1.50,1.50
2012.02.23 21:28:11.968,0.66812,0.66828,1.50,1.50
2012.02.23 21:28:12.287,0.66813,0.66832,1.50,1.50
2012.02.23 21:28:17.799,0.66811,0.66829,1.50,1.50
2012.02.23 21:28:18.989,0.66813,0.66832,1.50,1.50
2012.02.23 21:28:25.507,0.66813,0.66832,2.25,1.50
2012.02.23 21:28:26.314,0.66817,0.66833,1.50,1.50
2012.02.23 21:28:30.776,0.6682,0.66835,1.50,1.50
2012.02.23 21:28:30.845,0.66816,0.66834,1.50,1.50
2012.02.23 21:28:30.916,0.66813,0.66829,1.50,1.50
2012.02.23 21:28:30.989,0.66818,0.66835,1.50,1.50
2012.02.23 21:28:31.448,0.66821,0.66837,1.50,1.50
2012.02.23 21:28:42.297,0.66827,0.66839,1.50,1.50
2012.02.23 21:28:42.366,0.66827,0.66843,1.50,3.75
2012.02.23 21:28:42.498,0.66827,0.66843,2.25,1.50
2012.02.23 21:28:42.568,0.66832,0.66848,2.25,1.50
2012.02.23 21:28:42.635,0.66843,0.66852,1.50,2.95
2012.02.23 21:28:42.887,0.66843,0.66861,1.50,2.25
2012.02.23 21:28:43.018,0.66843,0.66861,1.50,1.50
2012.02.23 21:28:43.623,0.66835,0.66853,1.50,1.50
2012.02.23 21:28:44.090,0.66837,0.66856,1.50,1.50
2012.02.23 21:28:44.227,0.6684,0.66858,1.50,1.50
2012.02.23 21:28:44.616,0.66836,0.66852,1.50,1.50
2012.02.23 21:28:44.916,0.66837,0.66856,1.50,2.25
2012.02.23 21:28:45.106,0.66834,0.66852,1.50,1.50
2012.02.23 21:28:47.475,0.66835,0.66852,1.50,1.50
2012.02.23 21:28:47.546,0.66837,0.66856,1.50,1.50
2012.02.23 21:28:47.619,0.6684,0.66856,1.50,1.50
2012.02.23 21:28:47.686,0.66841,0.6686,1.50,1.50
2012.02.23 21:28:50.478,0.66843,0.6686,1.50,1.50
2012.02.23 21:28:50.794,0.66845,0.66861,1.50,1.50
2012.02.23 21:28:53.977,0.66847,0.66865,1.50,2.25
2012.02.23 21:28:54.250,0.6685,0.66866,1.50,1.50
2012.02.23 21:28:54.777,0.66847,0.66864,1.50,1.50
2012.02.23 21:28:54.847,0.66845,0.66864,1.50,1.50
2012.02.23 21:28:57.887,0.66849,0.66865,1.50,1.50
2012.02.23 21:29:00.157,0.66852,0.66867,1.50,1.50
2012.02.23 21:29:00.774,0.66852,0.66868,1.50,1.50
2012.02.23 21:29:01.796,0.66854,0.66871,1.50,2.25
2012.02.23 21:29:01.926,0.66851,0.66867,1.50,1.50
2012.02.23 21:29:02.118,0.66848,0.66863,2.25,1.50
2012.02.23 21:29:02.850,0.6685,0.66867,1.50,1.50
2012.02.23 21:29:02.924,0.66847,0.66865,1.50,2.25
2012.02.23 21:29:04.556,0.6685,0.66867,1.50,2.25
2012.02.23 21:29:04.699,0.6685,0.66867,1.50,1.50
2012.02.23 21:29:05.878,0.66847,0.66862,1.50,1.50
2012.02.23 21:29:05.945,0.66844,0.6686,1.50,1.50
2012.02.23 21:29:06.307,0.66846,0.66862,1.50,1.50
2012.02.23 21:29:06.375,0.66851,0.66869,1.50,3.33
2012.02.23 21:29:06.445,0.66851,0.66868,1.50,1.45
2012.02.23 21:29:07.027,0.66848,0.66866,1.50,2.25
2012.02.23 21:29:08.447,0.66852,0.66868,1.50,2.25
2012.02.23 21:29:08.516,0.66853,0.66872,1.50,5.20
2012.02.23 21:29:12.643,0.66852,0.66868,1.50,2.25
2012.02.23 21:29:13.650,0.66853,0.6687,1.50,2.25
2012.02.23 21:29:15.086,0.66852,0.66868,1.50,2.25
2012.02.23 21:29:19.455,0.66855,0.66871,1.50,2.25
2012.02.23 21:29:19.529,0.66857,0.66876,1.50,2.25
2012.02.23 21:29:22.356,0.66855,0.66873,1.50,2.25
2012.02.23 21:29:24.484,0.66855,0.66872,1.50,1.50
2012.02.23 21:29:24.547,0.66852,0.6687,1.50,1.50
2012.02.23 21:29:24.737,0.66854,0.6687,1.50,1.50
2012.02.23 21:29:24.806,0.66855,0.66873,1.50,2.25
2012.02.23 21:29:33.378,0.66857,0.66876,1.50,2.25
2012.02.23 21:29:36.446,0.66858,0.66876,1.50,2.25
2012.02.23 21:29:37.285,0.66861,0.66877,1.50,2.25
2012.02.23 21:29:52.459,0.66861,0.66877,1.50,1.50
2012.02.23 21:29:58.316,0.66863,0.66881,1.50,2.25
2012.02.23 21:29:58.956,0.66861,0.66877,1.50,1.50
2012.02.23 21:29:59.025,0.66859,0.66877,1.50,1.50
2012.02.23 21:30:01.045,0.66861,0.6688,1.50,1.50
2012.02.23 21:30:01.277,0.66864,0.66882,1.50,4.13
2012.02.23 21:30:01.983,0.66864,0.66879,1.50,1.50
2012.02.23 21:30:02.051,0.6686,0.66878,1.50,1.50
2012.02.23 21:30:03.298,0.6686,0.66878,1.50,2.25
2012.02.23 21:30:03.674,0.6686,0.66878,1.50,1.50
2012.02.23 21:30:04.745,0.66863,0.66879,1.50,2.25
2012.02.23 21:30:08.966,0.66863,0.66881,1.50,1.50
2012.02.23 21:30:09.035,0.6687,0.66882,1.50,1.50
2012.02.23 21:30:09.167,0.6687,0.66886,1.50,1.50
2012.02.23 21:30:09.397,0.6687,0.66886,1.50,2.25
2012.02.23 21:30:13.129,0.66868,0.66879,2.25,1.50
2012.02.23 21:30:13.198,0.66864,0.66879,1.13,1.50
2012.02.23 21:30:13.266,0.66867,0.66879,2.25,1.50
2012.02.23 21:30:13.336,0.6687,0.66887,1.50,1.50
2012.02.23 21:30:15.726,0.6687,0.66887,1.50,2.63
2012.02.23 21:30:15.860,0.66867,0.66881,2.25,2.25
2012.02.23 21:30:15.928,0.66859,0.66875,1.50,1.50
2012.02.23 21:30:16.548,0.6686,0.66875,1.50,1.50
2012.02.23 21:30:16.617,0.66861,0.66879,1.50,2.25
2012.02.23 21:30:19.044,0.66861,0.66879,1.50,2.25
2012.02.23 21:30:19.769,0.66865,0.6688,1.50,2.25
2012.02.23 21:30:20.016,0.66865,0.66881,1.50,2.25
2012.02.23 21:30:28.148,0.66865,0.66881,1.50,2.25
2012.02.23 21:30:31.618,0.66865,0.66881,1.50,2.25
2012.02.23 21:30:37.419,0.66861,0.6688,1.50,2.25
2012.02.23 21:30:37.666,0.66865,0.66881,1.50,2.25
2012.02.23 21:30:45.806,0.66862,0.66878,3.00,2.25
2012.02.23 21:30:56.964,0.66859,0.66877,1.50,2.25
2012.02.23 21:30:57.050,0.66844,0.66862,1.50,1.50
2012.02.23 21:30:59.700,0.66842,0.66858,1.50,1.50
2012.02.23 21:31:06.381,0.66842,0.66858,1.50,2.25
2012.02.23 21:31:06.510,0.66839,0.66851,1.50,1.50
2012.02.23 21:31:06.576,0.66833,0.66843,1.50,1.50
2012.02.23 21:31:07.095,0.66825,0.66843,2.25,1.50
2012.02.23 21:31:07.226,0.66825,0.66843,1.50,1.50
2012.02.23 21:31:07.296,0.66822,0.6684,1.50,1.50
2012.02.23 21:31:07.605,0.66821,0.66837,2.25,1.50
2012.02.23 21:31:07.675,0.66821,0.66837,1.50,1.50
2012.02.23 21:31:07.746,0.66821,0.66839,1.50,1.50
2012.02.23 21:31:07.819,0.66812,0.66838,2.25,1.50
2012.02.23 21:31:07.886,0.66811,0.66834,3.75,1.50
2012.02.23 21:31:08.999,0.66811,0.66834,2.25,1.50
2012.02.23 21:31:10.417,0.66811,0.66834,2.25,1.50
2012.02.23 21:31:10.608,0.66813,0.66837,2.25,1.50
2012.02.23 21:31:14.249,0.66813,0.66837,2.25,1.50
2012.02.23 21:31:14.420,0.66813,0.66837,2.25,1.50
2012.02.23 21:31:14.680,0.66813,0.66837,2.25,1.50
2012.02.23 21:31:15.961,0.66813,0.66837,2.25,1.50
2012.02.23 21:31:21.006,0.66809,0.66835,2.25,1.50
2012.02.23 21:31:22.382,0.66809,0.66835,1.50,1.50
2012.02.23 21:31:22.508,0.66809,0.66835,2.25,1.50
2012.02.23 21:31:31.197,0.66809,0.66835,2.25,1.50
2012.02.23 21:31:31.531,0.66805,0.66829,2.25,1.50
2012.02.23 21:31:33.000,0.66805,0.66829,2.25,1.50
2012.02.23 21:31:34.108,0.66808,0.66831,2.25,1.50
2012.02.23 21:31:34.181,0.66811,0.66836,2.25,1.50
2012.02.23 21:31:35.321,0.66813,0.66838,2.25,1.50
2012.02.23 21:31:36.129,0.66813,0.66839,2.25,1.50
2012.02.23 21:31:36.338,0.66816,0.66841,2.25,1.50
2012.02.23 21:31:36.465,0.66819,0.66842,1.50,1.50
2012.02.23 21:31:37.034,0.66819,0.66844,1.50,2.25
2012.02.23 21:31:39.045,0.66824,0.66845,1.50,1.50
2012.02.23 21:31:39.361,0.66832,0.66851,1.50,1.50
2012.02.23 21:31:41.317,0.66831,0.66847,1.50,1.50
2012.02.23 21:31:45.746,0.66833,0.66851,1.50,1.50
2012.02.23 21:31:49.106,0.66834,0.66851,1.50,1.50
2012.02.23 21:31:49.180,0.66836,0.66853,1.50,1.50
2012.02.23 21:31:50.670,0.66836,0.66852,1.50,1.50
2012.02.23 21:31:51.053,0.66834,0.6685,1.50,1.50
2012.02.23 21:31:52.358,0.66836,0.66854,1.50,1.50
2012.02.23 21:32:01.629,0.6684,0.66855,1.50,1.50
2012.02.23 21:32:02.566,0.6684,0.66856,1.50,1.50
2012.02.23 21:32:06.239,0.66836,0.66854,1.50,1.50
2012.02.23 21:32:07.067,0.66822,0.66872,1.13,1.13
2012.02.23 21:32:07.148,0.66835,0.66855,1.50,1.50
2012.02.23 21:32:07.483,0.66844,0.6686,1.50,1.50
2012.02.23 21:32:08.311,0.66843,0.66862,1.50,1.50
2012.02.23 21:32:08.857,0.66841,0.66864,3.00,3.00
2012.02.23 21:32:09.047,0.66845,0.66866,1.50,1.50
2012.02.23 21:32:09.120,0.66845,0.66868,1.50,1.50
2012.02.23 21:32:09.457,0.66847,0.6687,1.50,1.50
2012.02.23 21:32:10.530,0.66847,0.66871,1.50,1.50
2012.02.23 21:32:11.016,0.66848,0.66872,1.50,1.50
2012.02.23 21:32:11.535,0.66851,0.66874,1.50,1.50
2012.02.23 21:32:12.435,0.66851,0.66875,1.50,1.50
2012.02.23 21:32:12.513,0.66848,0.66873,1.50,1.50
2012.02.23 21:32:13.278,0.66846,0.66867,1.50,1.50
2012.02.23 21:32:13.353,0.66844,0.66867,1.50,1.50
2012.02.23 21:32:13.779,0.66842,0.66869,1.50,1.50
2012.02.23 21:32:13.846,0.66838,0.66875,1.50,1.50
2012.02.23 21:32:15.483,0.66838,0.66875,2.25,1.50
2012.02.23 21:32:15.871,0.6684,0.66877,2.25,1.50
2012.02.23 21:32:16.434,0.6684,0.66878,2.25,1.50
2012.02.23 21:32:16.619,0.66842,0.66881,1.50,3.00
2012.02.23 21:32:18.708,0.6684,0.66878,2.25,1.50
2012.02.23 21:32:21.290,0.66845,0.66884,1.50,2.25
2012.02.23 21:32:23.458,0.66845,0.66884,2.25,1.50
2012.02.23 21:32:24.457,0.66847,0.66885,1.50,1.50
2012.02.23 21:32:24.529,0.66847,0.66887,1.50,1.50
2012.02.23 21:32:32.305,0.66847,0.66887,1.50,2.25
2012.02.23 21:32:32.419,0.66847,0.66887,1.50,1.50
2012.02.23 21:32:34.537,0.6685,0.66889,1.50,2.25
2012.02.23 21:32:34.896,0.66853,0.66891,1.50,1.50
2012.02.23 21:32:35.488,0.66853,0.66891,1.50,2.25
2012.02.23 21:32:38.402,0.66853,0.66891,1.50,1.50
2012.02.23 21:32:38.687,0.66853,0.66891,1.50,2.25
2012.02.23 21:32:41.429,0.66853,0.66891,1.50,1.50
2012.02.23 21:32:42.355,0.6685,0.66889,3.00,1.50
2012.02.23 21:32:44.450,0.6685,0.66889,1.50,2.25
2012.02.23 21:32:45.947,0.6685,0.66889,1.50,1.50
2012.02.23 21:32:53.712,0.66848,0.66886,3.00,1.50
2012.02.23 21:33:01.553,0.66845,0.66883,2.25,1.50
2012.02.23 21:33:01.621,0.66849,0.66886,1.50,1.50
2012.02.23 21:33:02.538,0.66849,0.66887,1.50,1.50
2012.02.23 21:33:07.240,0.66849,0.66887,1.50,2.25
2012.02.23 21:33:09.071,0.66846,0.66885,1.50,2.25
2012.02.23 21:33:14.908,0.66846,0.66885,2.25,1.50
2012.02.23 21:33:18.428,0.66846,0.66885,1.50,2.25
2012.02.23 21:33:21.019,0.66846,0.66885,2.25,1.50
2012.02.23 21:33:22.296,0.66848,0.66887,1.50,1.50
2012.02.23 21:33:22.892,0.66848,0.66888,1.50,1.50
2012.02.23 21:33:32.156,0.66848,0.66888,1.50,2.25
2012.02.23 21:33:32.233,0.66846,0.66885,1.50,2.25
2012.02.23 21:33:35.246,0.66843,0.66883,1.50,1.50
2012.02.23 21:33:35.941,0.66843,0.66883,2.25,1.50
2012.02.23 21:33:36.231,0.6685,0.66889,1.50,2.25
2012.02.23 21:33:36.841,0.6685,0.66889,1.50,2.25
2012.02.23 21:33:38.620,0.6685,0.66889,1.50,2.25
2012.02.23 21:33:39.190,0.66849,0.66886,1.50,2.25
2012.02.23 21:33:39.319,0.66848,0.66886,1.50,1.50
2012.02.23 21:33:46.000,0.66848,0.66886,1.50,2.25
2012.02.23 21:33:51.404,0.66848,0.66886,1.50,1.50
2012.02.23 21:33:54.918,0.66848,0.66886,1.50,2.25
2012.02.23 21:33:56.122,0.66848,0.66886,1.50,1.50
2012.02.23 21:33:57.769,0.66851,0.66888,1.50,1.50
2012.02.23 21:33:59.785,0.66848,0.66886,1.50,1.50
2012.02.23 21:34:00.686,0.66848,0.66886,1.50,2.25
2012.02.23 21:34:01.275,0.66848,0.66886,1.50,1.50
2012.02.23 21:34:08.703,0.66851,0.66888,1.50,3.00
2012.02.23 21:34:11.960,0.66849,0.66887,1.50,1.50
2012.02.23 21:34:12.025,0.66847,0.66887,1.50,1.50
2012.02.23 21:34:19.526,0.66847,0.66887,1.50,2.25
2012.02.23 21:34:20.268,0.66847,0.66887,2.25,1.50
2012.02.23 21:34:29.869,0.66848,0.66887,2.25,1.50
2012.02.23 21:34:30.177,0.66863,0.66887,1.50,1.50
2012.02.23 21:34:30.432,0.66865,0.66903,1.50,2.25
2012.02.23 21:34:30.617,0.66865,0.66903,1.50,2.25
2012.02.23 21:34:30.812,0.66853,0.66895,2.25,1.13
2012.02.23 21:34:30.876,0.66853,0.66895,1.50,1.13
2012.02.23 21:34:31.068,0.66851,0.66892,1.50,2.25
2012.02.23 21:34:31.683,0.66852,0.66892,1.50,2.25
2012.02.23 21:34:31.750,0.66854,0.66892,1.50,2.25
2012.02.23 21:34:35.921,0.66852,0.6689,1.50,2.25
2012.02.23 21:34:35.987,0.6685,0.66889,1.50,1.13
2012.02.23 21:34:36.976,0.6685,0.66889,1.50,1.13
2012.02.23 21:34:45.618,0.6685,0.6689,1.50,2.25
2012.02.23 21:34:48.042,0.6685,0.6689,1.50,2.25
2012.02.23 21:34:48.528,0.6685,0.6689,1.50,2.25
2012.02.23 21:34:49.259,0.66847,0.66884,1.50,1.50
2012.02.23 21:34:49.335,0.6685,0.66887,1.50,1.13
2012.02.23 21:34:50.615,0.6685,0.66888,1.50,2.25
2012.02.23 21:34:55.859,0.6685,0.66888,1.88,2.25
2012.02.23 21:34:56.185,0.66858,0.66891,2.25,1.88
2012.02.23 21:34:56.997,0.66858,0.66891,2.25,1.83
2012.02.23 21:34:58.419,0.66858,0.66894,2.63,1.45
2012.02.23 21:34:58.568,0.66858,0.66894,4.13,1.45
2012.02.23 21:34:58.984,0.6686,0.66897,1.50,2.25
2012.02.23 21:34:59.287,0.66858,0.66893,2.25,1.13
2012.02.23 21:34:59.855,0.66857,0.66893,2.25,1.13
2012.02.23 21:34:59.931,0.66857,0.66893,3.75,1.83
2012.02.23 21:35:00.078,0.66857,0.66893,3.00,1.83
2012.02.23 21:35:00.959,0.66857,0.66893,3.00,1.13
2012.02.23 21:35:02.778,0.66857,0.66893,2.25,1.13
2012.02.23 21:35:03.197,0.66857,0.66893,3.38,1.45
2012.02.23 21:35:03.265,0.66857,0.66893,3.38,1.45
2012.02.23 21:35:05.422,0.66858,0.66894,1.88,1.45
2012.02.23 21:35:12.035,0.66857,0.66893,3.00,1.83
2012.02.23 21:35:23.855,0.66857,0.66893,3.75,1.83
2012.02.23 21:35:24.496,0.66858,0.66893,1.50,1.13
2012.02.23 21:35:24.627,0.66857,0.66889,2.25,1.45
2012.02.23 21:35:25.180,0.66856,0.66889,1.13,1.45
2012.02.23 21:35:27.471,0.66854,0.66888,1.50,3.33
2012.02.23 21:35:29.619,0.6686,0.66895,1.13,2.25
2012.02.23 21:35:30.204,0.66862,0.66887,1.50,2.25
2012.02.23 21:35:31.933,0.66862,0.66887,1.50,2.25
2012.02.23 21:35:33.070,0.6686,0.66884,1.50,2.25
2012.02.23 21:35:33.988,0.66864,0.66887,1.50,2.25
2012.02.23 21:35:34.307,0.66866,0.66891,1.50,2.25
2012.02.23 21:35:34.532,0.66866,0.66891,1.50,2.25
2012.02.23 21:35:36.224,0.66866,0.66891,1.50,2.25
2012.02.23 21:35:36.300,0.66863,0.66888,1.50,2.25
2012.02.23 21:35:36.913,0.66863,0.66888,1.50,2.25
2012.02.23 21:35:38.016,0.66866,0.6689,1.50,2.25
2012.02.23 21:35:39.428,0.66868,0.66892,1.50,2.25
2012.02.23 21:35:39.782,0.66866,0.6689,3.00,2.25
2012.02.23 21:35:46.158,0.66868,0.66893,1.50,2.25
2012.02.23 21:35:46.506,0.66871,0.66896,1.50,2.25
2012.02.23 21:35:47.435,0.66871,0.66896,1.50,2.25
2012.02.23 21:35:47.687,0.66874,0.66898,1.50,2.25
2012.02.23 21:35:49.327,0.66872,0.66895,1.50,2.25
2012.02.23 21:35:55.965,0.66872,0.66895,1.50,2.25
2012.02.23 21:35:56.380,0.66872,0.66895,1.50,2.25
2012.02.23 21:35:56.575,0.66872,0.66895,1.50,2.25
2012.02.23 21:35:57.914,0.66869,0.66893,1.50,2.25
2012.02.23 21:36:00.563,0.66868,0.66893,4.13,2.25
2012.02.23 21:36:03.356,0.66868,0.66893,3.75,1.50
2012.02.23 21:36:05.898,0.66868,0.66893,4.50,2.25
2012.02.23 21:36:08.115,0.66868,0.66893,4.50,2.25
2012.02.23 21:36:08.876,0.66868,0.66893,4.50,2.25
2012.02.23 21:36:09.156,0.66868,0.66893,3.75,1.50
2012.02.23 21:36:11.299,0.66868,0.66893,4.50,2.25
2012.02.23 21:36:12.617,0.66868,0.66893,3.75,1.50
2012.02.23 21:36:14.496,0.66869,0.66893,1.50,1.50
2012.02.23 21:36:15.809,0.6687,0.66896,1.50,2.25
2012.02.23 21:36:21.328,0.66868,0.66893,3.75,2.25
2012.02.23 21:36:23.372,0.66866,0.6689,2.25,2.25
2012.02.23 21:36:23.439,0.66866,0.6689,1.50,2.25
2012.02.23 21:36:23.505,0.66866,0.6689,1.50,2.25
2012.02.23 21:36:29.568,0.66866,0.6689,1.50,2.25
2012.02.23 21:36:31.063,0.66868,0.66893,1.50,2.25
2012.02.23 21:36:39.019,0.66867,0.66891,2.25,2.25
2012.02.23 21:36:42.533,0.66872,0.66897,1.50,2.63
2012.02.23 21:36:42.599,0.66872,0.66897,1.50,2.25
2012.02.23 21:36:43.200,0.66873,0.66896,1.50,2.25
2012.02.23 21:36:43.615,0.66869,0.66892,1.50,1.50
2012.02.23 21:36:43.687,0.66861,0.66887,1.50,1.50
2012.02.23 21:36:43.822,0.66865,0.66883,1.50,1.50
2012.02.23 21:36:44.127,0.66854,0.66879,1.50,1.50
2012.02.23 21:36:44.810,0.66861,0.66878,1.50,1.50
2012.02.23 21:36:46.063,0.66858,0.66876,1.50,1.50
2012.02.23 21:36:46.490,0.66861,0.66877,1.50,1.50
2012.02.23 21:36:47.428,0.66861,0.66878,1.50,1.50
2012.02.23 21:36:47.616,0.66864,0.66882,1.50,1.50
2012.02.23 21:36:48.605,0.66862,0.66878,3.00,1.50
2012.02.23 21:36:55.091,0.66858,0.66874,1.50,1.50
2012.02.23 21:36:55.163,0.66854,0.66872,1.50,1.50
2012.02.23 21:36:58.218,0.66852,0.66866,1.50,1.50
2012.02.23 21:36:58.290,0.66848,0.66866,1.50,1.50
2012.02.23 21:36:59.359,0.66858,0.66876,1.50,1.50
2012.02.23 21:36:59.837,0.66864,0.66881,1.50,1.50
2012.02.23 21:37:00.988,0.66874,0.66883,1.50,1.50
2012.02.23 21:37:01.062,0.66874,0.6689,1.50,2.20
2012.02.23 21:37:01.184,0.66874,0.6689,1.50,1.50
2012.02.23 21:37:02.255,0.66874,0.6689,1.50,2.25
2012.02.23 21:37:02.815,0.66874,0.6689,1.50,1.50
2012.02.23 21:37:03.116,0.66871,0.66887,3.00,1.50
2012.02.23 21:37:05.752,0.66868,0.66885,3.75,1.50
2012.02.23 21:37:08.058,0.66871,0.66887,1.50,1.50
2012.02.23 21:37:09.545,0.66868,0.66885,3.75,1.50
2012.02.23 21:37:12.032,0.66868,0.66879,1.50,1.50
2012.02.23 21:37:12.095,0.66859,0.66878,1.50,1.50
2012.02.23 21:37:12.766,0.66862,0.6688,1.50,1.50
2012.02.23 21:37:15.256,0.66862,0.6688,1.50,1.88
2012.02.23 21:37:15.328,0.66859,0.66878,1.50,1.88
2012.02.23 21:37:15.893,0.66855,0.66874,1.50,1.50
2012.02.23 21:37:16.671,0.66858,0.66876,1.50,1.50
2012.02.23 21:37:18.000,0.66859,0.66877,1.50,1.50
2012.02.23 21:37:18.468,0.66859,0.66875,1.50,1.50
2012.02.23 21:37:18.830,0.66857,0.66873,1.50,1.50
2012.02.23 21:37:23.817,0.66855,0.66871,1.50,1.50
2012.02.23 21:37:23.886,0.66853,0.66871,1.50,1.50
2012.02.23 21:37:27.109,0.66856,0.66872,1.50,1.50
2012.02.23 21:37:27.237,0.66856,0.66874,1.50,1.50
2012.02.23 21:37:30.936,0.66854,0.6687,3.00,1.50
2012.02.23 21:37:31.304,0.66857,0.66873,1.50,1.50
2012.02.23 21:37:36.369,0.66859,0.66877,1.50,1.50
2012.02.23 21:37:36.668,0.66859,0.66875,1.50,1.50
2012.02.23 21:37:37.093,0.66857,0.66873,1.50,1.50
2012.02.23 21:37:50.186,0.66857,0.66872,1.50,1.50
2012.02.23 21:37:50.259,0.66854,0.6687,1.50,1.50
2012.02.23 21:37:59.989,0.66856,0.66872,1.50,1.50
2012.02.23 21:38:00.658,0.66856,0.66873,1.50,1.50
2012.02.23 21:38:05.762,0.6685,0.66869,1.50,1.50
2012.02.23 21:38:11.500,0.66848,0.66866,3.75,1.50
2012.02.23 21:38:12.568,0.66845,0.66864,1.50,1.50
2012.02.23 21:38:15.274,0.66845,0.66864,2.25,1.50
2012.02.23 21:38:15.339,0.66848,0.66866,1.50,1.50
2012.02.23 21:38:18.888,0.66849,0.66866,1.50,1.50
2012.02.23 21:38:19.081,0.66851,0.66868,1.50,1.50
2012.02.23 21:38:27.522,0.66848,0.66866,1.50,1.50
2012.02.23 21:38:36.995,0.66848,0.66865,1.50,1.50
2012.02.23 21:38:37.068,0.66846,0.66862,1.50,1.50
2012.02.23 21:38:39.781,0.66846,0.66862,2.25,1.50
2012.02.23 21:38:43.726,0.66848,0.66866,1.50,1.50
2012.02.23 21:38:43.856,0.66846,0.66862,3.00,1.50
2012.02.23 21:38:49.989,0.6684,0.66858,1.50,1.50
2012.02.23 21:38:52.356,0.66842,0.6686,1.50,1.50
2012.02.23 21:38:52.907,0.66842,0.66861,1.50,1.50
2012.02.23 21:39:01.718,0.66842,0.66858,1.50,1.50
2012.02.23 21:39:01.787,0.66839,0.66857,1.50,1.50
2012.02.23 21:39:05.088,0.66838,0.66853,1.50,1.50
2012.02.23 21:39:06.258,0.66837,0.66853,2.25,1.50
2012.02.23 21:39:07.438,0.66837,0.66852,2.25,1.50
2012.02.23 21:39:07.571,0.66833,0.66851,1.50,1.50
2012.02.23 21:39:08.439,0.66835,0.66851,2.25,1.50
2012.02.23 21:39:08.651,0.66836,0.66854,2.25,2.20
2012.02.23 21:39:10.976,0.66839,0.66855,1.50,1.50
2012.02.23 21:39:11.326,0.66844,0.6686,1.50,1.50
2012.02.23 21:39:11.717,0.66844,0.66859,1.50,1.13
2012.02.23 21:39:11.848,0.6684,0.66856,1.50,3.00
2012.02.23 21:39:11.916,0.66837,0.66853,1.50,1.50
2012.02.23 21:39:17.562,0.66838,0.66857,1.50,1.88
2012.02.23 21:39:27.587,0.66838,0.66857,1.50,1.50
2012.02.23 21:39:34.176,0.66838,0.66857,2.25,1.50
2012.02.23 21:39:34.369,0.66848,0.66864,1.50,1.50
2012.02.23 21:39:35.828,0.66849,0.66864,1.50,1.50
2012.02.23 21:39:35.899,0.66851,0.66867,1.50,1.88
2012.02.23 21:39:37.009,0.66848,0.66865,1.50,1.50
2012.02.23 21:39:50.223,0.66848,0.66865,1.50,2.25
2012.02.23 21:39:50.499,0.66837,0.66854,1.50,1.50
2012.02.23 21:39:50.687,0.66837,0.66852,1.50,2.25
2012.02.23 21:39:50.817,0.66832,0.6685,1.50,1.88
2012.02.23 21:39:50.947,0.66832,0.66849,2.25,1.08
2012.02.23 21:39:51.481,0.66833,0.66849,2.25,2.58
2012.02.23 21:39:51.992,0.66833,0.66849,2.25,1.88
2012.02.23 21:39:55.188,0.66833,0.66849,1.50,1.50
2012.02.23 21:39:55.938,0.66833,0.66849,2.25,1.50
2012.02.23 21:39:56.187,0.66846,0.66864,1.50,1.50
2012.02.23 21:39:59.677,0.66846,0.66859,1.50,1.50
2012.02.23 21:39:59.747,0.6684,0.66857,1.50,1.50
2012.02.23 21:40:03.205,0.66838,0.66854,1.50,1.50
2012.02.23 21:40:04.191,0.66838,0.66849,1.50,1.50
2012.02.23 21:40:04.260,0.66831,0.66847,2.25,1.50
2012.02.23 21:40:07.448,0.66832,0.66847,2.25,1.50
2012.02.23 21:40:07.515,0.66834,0.6685,2.25,1.50
2012.02.23 21:40:07.707,0.66834,0.6685,1.50,1.50
2012.02.23 21:40:07.836,0.66832,0.66846,1.50,1.50
2012.02.23 21:40:08.742,0.6683,0.66846,2.25,1.50
2012.02.23 21:40:09.420,0.6683,0.66846,2.25,1.50
2012.02.23 21:40:09.489,0.66833,0.66849,1.50,1.50
2012.02.23 21:40:10.042,0.66833,0.66849,1.50,2.20
2012.02.23 21:40:10.472,0.66827,0.66845,2.25,1.50
2012.02.23 21:40:10.630,0.66827,0.66845,2.25,1.50
2012.02.23 21:40:10.701,0.66827,0.66845,2.25,1.50
2012.02.23 21:40:10.947,0.66842,0.66861,1.50,1.50
2012.02.23 21:40:11.088,0.66846,0.66862,1.50,1.50
2012.02.23 21:40:11.772,0.6685,0.66866,1.50,1.88
2012.02.23 21:40:12.377,0.6685,0.66866,1.50,1.50
2012.02.23 21:40:12.566,0.66847,0.66864,1.50,1.50
2012.02.23 21:40:16.370,0.66849,0.66867,1.50,1.50
2012.02.23 21:40:16.500,0.66851,0.6687,1.50,1.50
2012.02.23 21:40:18.227,0.66853,0.6687,1.50,1.50
2012.02.23 21:40:18.541,0.66859,0.66875,1.50,1.50
2012.02.23 21:40:18.880,0.66861,0.66879,1.50,1.50
2012.02.23 21:40:31.131,0.6686,0.66877,1.50,1.50
2012.02.23 21:40:31.195,0.66858,0.66877,1.50,1.50
2012.02.23 21:40:33.457,0.66862,0.66878,1.50,1.50
2012.02.23 21:40:33.526,0.66862,0.6688,1.50,1.50
2012.02.23 21:40:34.909,0.66863,0.6688,1.50,1.50
2012.02.23 21:40:34.982,0.66866,0.66882,1.50,1.50
2012.02.23 21:40:41.828,0.66868,0.66886,1.50,2.25
2012.02.23 21:40:41.957,0.66868,0.66886,3.75,1.50
2012.02.23 21:40:42.027,0.66872,0.66887,1.50,1.50
2012.02.23 21:40:42.373,0.66874,0.66892,1.50,2.25
2012.02.23 21:40:44.166,0.6687,0.66889,1.50,2.25
2012.02.23 21:40:44.236,0.6687,0.66889,1.50,2.25
2012.02.23 21:40:44.577,0.66868,0.66886,3.75,2.25
2012.02.23 21:40:45.720,0.66868,0.66886,3.75,1.50
2012.02.23 21:40:46.322,0.66856,0.66874,1.50,1.50
2012.02.23 21:40:46.637,0.66848,0.66866,1.50,1.50
2012.02.23 21:40:52.470,0.66847,0.66864,1.50,1.50
2012.02.23 21:40:52.546,0.66849,0.66867,1.50,1.50
2012.02.23 21:41:01.901,0.66849,0.66864,1.50,1.50
2012.02.23 21:41:01.966,0.66845,0.66863,1.50,1.50
2012.02.23 21:41:02.039,0.66851,0.66868,1.50,1.50
2012.02.23 21:41:02.959,0.66851,0.66867,1.50,1.50
2012.02.23 21:41:03.028,0.66848,0.66866,1.50,1.50
2012.02.23 21:41:09.757,0.66848,0.66866,2.25,1.50
2012.02.23 21:41:10.236,0.66853,0.66869,1.50,1.50
2012.02.23 21:41:29.457,0.6685,0.66867,1.50,1.50
2012.02.23 21:41:30.058,0.66851,0.66867,1.50,1.50
2012.02.23 21:41:30.129,0.66852,0.6687,1.50,1.50
2012.02.23 21:41:30.848,0.66854,0.66871,1.50,1.50
2012.02.23 21:41:30.917,0.66854,0.66873,1.50,1.50
2012.02.23 21:41:31.401,0.66858,0.66874,1.50,1.50
2012.02.23 21:41:35.246,0.66855,0.6687,1.50,1.50
2012.02.23 21:41:36.484,0.66854,0.6687,1.50,1.50
2012.02.23 21:41:42.145,0.66855,0.6687,1.50,1.50
2012.02.23 21:41:42.210,0.66856,0.66874,1.50,1.50
2012.02.23 21:41:46.823,0.66853,0.66869,1.50,1.50
2012.02.23 21:41:48.569,0.66855,0.66873,1.50,1.50
2012.02.23 21:41:50.859,0.66858,0.66875,1.50,1.50
2012.02.23 21:41:52.512,0.66856,0.66873,1.50,1.50
2012.02.23 21:41:53.672,0.66855,0.66873,1.50,1.50
2012.02.23 21:41:57.104,0.6686,0.66874,1.50,1.50
2012.02.23 21:41:57.172,0.6686,0.66876,1.50,1.50
2012.02.23 21:41:58.317,0.66863,0.66879,1.50,1.50
2012.02.23 21:41:58.628,0.66865,0.66883,1.50,1.50
2012.02.23 21:42:31.305,0.66869,0.66883,1.50,1.50
2012.02.23 21:42:31.379,0.66872,0.66888,1.50,1.50
2012.02.23 21:42:33.698,0.66872,0.66887,1.50,1.50
2012.02.23 21:42:33.768,0.66868,0.66884,1.50,1.50
2012.02.23 21:42:41.650,0.66871,0.66887,1.50,1.50
2012.02.23 21:42:43.186,0.66868,0.66884,1.50,1.50
2012.02.23 21:42:44.712,0.66868,0.66882,1.50,1.50
2012.02.23 21:42:44.778,0.66863,0.6688,1.50,1.50
2012.02.23 21:42:44.985,0.66866,0.66882,1.50,1.50
2012.02.23 21:42:45.056,0.66866,0.66884,1.50,1.50
2012.02.23 21:43:38.596,0.66863,0.66881,1.50,1.50
2012.02.23 21:43:55.240,0.66865,0.66881,1.50,1.50
2012.02.23 21:43:55.305,0.66866,0.66884,1.50,1.50
2012.02.23 21:44:15.598,0.66869,0.66887,1.50,1.50
2012.02.23 21:44:21.939,0.66868,0.66884,1.50,1.50
2012.02.23 21:44:22.006,0.66866,0.66884,1.50,1.50
2012.02.23 21:44:37.920,0.66864,0.66881,3.00,1.50
2012.02.23 21:44:43.031,0.66866,0.66884,1.50,3.00
2012.02.23 21:45:21.678,0.66868,0.66887,1.50,1.50
2012.02.23 21:45:38.922,0.66868,0.66887,1.88,1.50
2012.02.23 21:45:39.049,0.66874,0.6689,1.50,1.50
2012.02.23 21:45:39.183,0.66876,0.66893,1.50,3.00
2012.02.23 21:45:40.009,0.6688,0.66896,1.50,1.50
2012.02.23 21:45:40.459,0.66877,0.66894,1.50,1.50
2012.02.23 21:45:42.339,0.66878,0.66894,1.50,1.50
2012.02.23 21:45:42.607,0.6688,0.66896,1.50,1.50
2012.02.23 21:45:58.028,0.66883,0.66899,1.50,2.25
2012.02.23 21:45:58.973,0.66883,0.66899,1.50,1.50
2012.02.23 21:45:59.488,0.66883,0.66899,1.50,2.25
2012.02.23 21:46:04.415,0.66883,0.66899,1.50,1.50
2012.02.23 21:46:05.052,0.66883,0.66899,1.50,2.25
2012.02.23 21:46:10.128,0.66883,0.66899,1.50,1.50
2012.02.23 21:46:14.829,0.66886,0.66902,1.50,3.75
2012.02.23 21:46:17.850,0.66882,0.669,1.50,2.25
2012.02.23 21:46:26.522,0.66882,0.669,1.50,1.50
2012.02.23 21:46:45.908,0.6688,0.66897,1.50,1.50
2012.02.23 21:46:46.419,0.66879,0.66897,1.50,1.50
2012.02.23 21:46:46.892,0.66877,0.66899,1.50,1.50
2012.02.23 21:46:46.958,0.66868,0.66908,1.88,2.25
2012.02.23 21:46:48.841,0.66871,0.66908,1.13,2.25
2012.02.23 21:46:50.499,0.66878,0.66898,1.50,1.50
2012.02.23 21:46:51.506,0.6688,0.66896,1.50,1.50
2012.02.23 21:46:57.446,0.66881,0.669,1.50,1.50
2012.02.23 21:47:04.488,0.66879,0.66895,3.00,2.25
2012.02.23 21:47:06.487,0.66875,0.66893,1.50,1.50
2012.02.23 21:47:08.408,0.66873,0.66889,1.50,1.50
2012.02.23 21:47:08.480,0.66871,0.66889,1.50,2.25
2012.02.23 21:47:08.738,0.66869,0.66887,1.50,1.50
2012.02.23 21:47:09.296,0.66868,0.66887,1.50,1.50
2012.02.23 21:47:15.337,0.66867,0.66883,1.50,1.50
2012.02.23 21:47:15.472,0.66861,0.66878,2.25,1.50
2012.02.23 21:47:15.780,0.66857,0.66875,2.25,1.50
2012.02.23 21:47:16.219,0.66857,0.66875,1.50,1.50
2012.02.23 21:47:16.290,0.6686,0.66875,1.50,1.50
2012.02.23 21:47:16.489,0.66862,0.6688,2.25,1.50
2012.02.23 21:47:17.203,0.66854,0.6687,2.25,1.50
2012.02.23 21:47:19.229,0.66856,0.66873,2.25,1.50
2012.02.23 21:47:19.477,0.66857,0.66874,2.25,1.50
2012.02.23 21:47:20.430,0.66857,0.66874,2.25,1.50
2012.02.23 21:47:21.958,0.66855,0.66871,2.25,1.50
2012.02.23 21:47:24.570,0.66857,0.66874,2.25,3.00
2012.02.23 21:47:24.996,0.66854,0.66872,2.25,1.50
2012.02.23 21:47:39.708,0.66854,0.66872,1.50,1.50
2012.02.23 21:47:44.611,0.66854,0.66872,2.25,1.50
2012.02.23 21:47:48.242,0.66854,0.66872,1.50,1.50
2012.02.23 21:47:52.500,0.66857,0.66874,1.50,1.50
2012.02.23 21:47:53.306,0.66857,0.66875,1.50,1.50
2012.02.23 21:47:54.026,0.66861,0.66877,1.50,1.50
2012.02.23 21:47:59.911,0.66864,0.6688,1.50,1.50
2012.02.23 21:48:02.470,0.66864,0.6688,2.25,1.50
2012.02.23 21:48:02.847,0.66865,0.66884,2.25,1.50
2012.02.23 21:48:04.517,0.66865,0.66883,2.25,1.50
2012.02.23 21:48:04.589,0.66863,0.66881,2.25,1.50
2012.02.23 21:48:05.478,0.66862,0.66884,2.25,1.50
2012.02.23 21:48:05.547,0.66866,0.66885,1.50,1.50
2012.02.23 21:48:05.738,0.66866,0.66892,1.50,1.50
2012.02.23 21:48:13.928,0.66866,0.66892,1.50,2.25
2012.02.23 21:48:14.240,0.66865,0.66882,1.50,1.45
2012.02.23 21:48:17.783,0.66865,0.66882,1.50,1.45
2012.02.23 21:48:18.906,0.66865,0.66882,1.50,1.45
2012.02.23 21:48:19.956,0.66865,0.66884,1.50,2.20
2012.02.23 21:48:21.976,0.66865,0.66884,1.50,2.20
2012.02.23 21:48:22.524,0.66865,0.66884,1.50,2.20
2012.02.23 21:48:24.776,0.66865,0.66884,1.50,2.20
2012.02.23 21:48:25.278,0.66865,0.66884,1.50,2.20
2012.02.23 21:48:27.457,0.66865,0.66884,1.50,2.20
2012.02.23 21:48:28.006,0.66865,0.66884,1.50,2.20
2012.02.23 21:48:29.271,0.66865,0.66884,1.50,2.20
2012.02.23 21:48:34.466,0.66865,0.66884,1.50,2.20
2012.02.23 21:48:37.281,0.6687,0.66886,1.50,2.63
2012.02.23 21:48:37.527,0.66865,0.66884,1.50,1.50
2012.02.23 21:48:42.692,0.66865,0.66883,1.50,1.50
2012.02.23 21:48:43.089,0.66864,0.6688,1.50,1.50
2012.02.23 21:48:52.830,0.66866,0.6688,1.50,1.50
2012.02.23 21:48:53.083,0.66863,0.66886,1.50,1.50
2012.02.23 21:48:53.151,0.66864,0.66893,1.50,1.50
2012.02.23 21:48:53.491,0.66862,0.66891,1.50,1.50
2012.02.23 21:48:54.132,0.66861,0.66891,1.50,1.50
2012.02.23 21:48:56.928,0.66865,0.66891,1.50,1.50
2012.02.23 21:48:56.999,0.66866,0.66896,1.50,1.50
2012.02.23 21:48:57.070,0.66863,0.66897,1.50,1.50
2012.02.23 21:48:57.199,0.66864,0.66894,1.50,1.50
2012.02.23 21:49:06.478,0.66869,0.66899,1.50,1.50
2012.02.23 21:49:08.887,0.66869,0.66896,1.50,1.50
2012.02.23 21:49:08.958,0.66865,0.66894,1.50,1.50
2012.02.23 21:49:12.958,0.66871,0.66897,1.50,1.50
2012.02.23 21:49:15.170,0.66873,0.669,1.50,1.50
2012.02.23 21:49:16.146,0.66873,0.669,2.25,1.50
2012.02.23 21:49:16.800,0.66886,0.66901,1.50,1.50
2012.02.23 21:49:16.871,0.66886,0.66904,1.50,1.50
2012.02.23 21:49:19.988,0.66889,0.66907,1.50,3.00
2012.02.23 21:49:26.168,0.66891,0.66909,1.50,1.50
2012.02.23 21:49:28.069,0.66888,0.66907,1.50,1.50
2012.02.23 21:49:28.417,0.66888,0.66905,1.50,1.50
2012.02.23 21:49:28.606,0.66886,0.66904,1.50,1.50
2012.02.23 21:49:31.832,0.66878,0.66897,1.50,1.50
2012.02.23 21:49:32.259,0.66876,0.66894,1.50,1.50
2012.02.23 21:49:35.620,0.66879,0.66894,1.50,1.50
2012.02.23 21:49:35.690,0.66881,0.66898,1.50,1.50
2012.02.23 21:49:35.761,0.66883,0.66901,1.50,1.50
2012.02.23 21:49:36.767,0.6688,0.66896,1.50,1.50
2012.02.23 21:49:48.830,0.66882,0.66898,1.50,1.50
2012.02.23 21:49:48.898,0.66882,0.669,1.50,1.50
2012.02.23 21:50:00.900,0.6688,0.66896,3.00,1.50
2012.02.23 21:50:34.910,0.66862,0.66876,1.50,1.50
2012.02.23 21:50:34.983,0.66858,0.66876,3.75,1.50
2012.02.23 21:50:35.173,0.66858,0.66874,1.50,1.50
2012.02.23 21:50:35.489,0.66856,0.66872,1.50,1.50
2012.02.23 21:50:36.151,0.66856,0.66871,1.50,1.50
2012.02.23 21:50:36.224,0.66852,0.6687,1.50,1.50
2012.02.23 21:50:36.963,0.66851,0.66867,1.50,1.50
2012.02.23 21:50:37.036,0.66849,0.66867,1.88,1.50
2012.02.23 21:50:37.458,0.66853,0.66869,1.50,3.00
2012.02.23 21:50:38.421,0.66849,0.66867,1.50,1.50
2012.02.23 21:50:38.489,0.66847,0.66864,1.50,1.50
2012.02.23 21:50:39.010,0.66846,0.66864,1.50,1.50
2012.02.23 21:50:39.203,0.66843,0.66862,1.50,1.50
2012.02.23 21:50:39.273,0.66836,0.66854,1.50,1.50
2012.02.23 21:50:39.920,0.66831,0.66849,1.50,1.50
2012.02.23 21:50:42.930,0.66832,0.66849,1.50,1.50
2012.02.23 21:50:43.513,0.66833,0.66852,1.50,1.50
2012.02.23 21:50:43.587,0.66836,0.66854,1.50,1.50
2012.02.23 21:50:44.369,0.66837,0.66854,1.50,1.50
2012.02.23 21:50:44.437,0.66839,0.66857,1.50,1.50
2012.02.23 21:50:44.960,0.66839,0.66856,1.50,1.50
2012.02.23 21:50:45.209,0.66841,0.66859,1.50,1.50
2012.02.23 21:50:46.570,0.66841,0.66859,1.50,2.25
2012.02.23 21:50:47.287,0.6684,0.66855,1.50,1.50
2012.02.23 21:50:47.362,0.66835,0.66851,1.50,1.50
2012.02.23 21:50:47.769,0.66839,0.66855,1.50,1.50
2012.02.23 21:50:51.359,0.6684,0.66855,1.50,1.50
2012.02.23 21:50:51.491,0.66842,0.66858,1.50,3.00
2012.02.23 21:50:51.559,0.66839,0.66856,1.50,1.50
2012.02.23 21:50:51.870,0.66836,0.66854,1.50,1.50
2012.02.23 21:50:52.381,0.66833,0.66852,1.88,1.50
2012.02.23 21:50:53.859,0.66838,0.66853,1.50,1.50
2012.02.23 21:50:53.929,0.66838,0.66855,1.50,1.50
2012.02.23 21:50:54.001,0.66834,0.66852,1.50,1.50
2012.02.23 21:50:55.066,0.66825,0.66862,1.13,1.50
2012.02.23 21:50:57.191,0.66824,0.66862,3.00,1.50
2012.02.23 21:50:57.698,0.66829,0.66864,1.50,2.25
2012.02.23 21:50:58.088,0.66825,0.66864,1.50,2.25
2012.02.23 21:50:59.043,0.66824,0.66859,2.25,2.25
2012.02.23 21:50:59.441,0.66824,0.66859,2.25,2.25
2012.02.23 21:50:59.697,0.66825,0.66859,1.13,2.25
2012.02.23 21:50:59.836,0.66821,0.66859,2.25,2.25
2012.02.23 21:51:00.259,0.6682,0.66855,1.13,2.25
2012.02.23 21:51:00.446,0.66819,0.66855,2.25,1.50
2012.02.23 21:51:10.167,0.6682,0.66859,1.13,2.25
2012.02.23 21:51:10.894,0.66821,0.6686,1.88,1.50
2012.02.23 21:51:11.138,0.66822,0.66863,1.50,2.48
2012.02.23 21:51:14.299,0.66821,0.66863,2.25,2.25
2012.02.23 21:51:17.478,0.66825,0.66863,1.13,2.25
2012.02.23 21:51:19.019,0.66826,0.66865,1.88,2.25
2012.02.23 21:51:19.999,0.66826,0.66868,1.88,2.48
2012.02.23 21:51:20.126,0.66827,0.66868,1.13,2.48
2012.02.23 21:51:20.260,0.66826,0.66868,1.88,2.48
2012.02.23 21:51:21.813,0.66826,0.66868,3.00,2.48
2012.02.23 21:51:21.938,0.66829,0.66868,1.50,1.73
2012.02.23 21:51:22.069,0.66834,0.66872,1.88,1.50
2012.02.23 21:51:23.192,0.66836,0.66876,1.88,1.50
2012.02.23 21:51:23.869,0.66833,0.66871,1.88,1.50
2012.02.23 21:51:24.356,0.66833,0.66871,1.50,1.50
2012.02.23 21:51:25.860,0.66836,0.66874,1.50,1.50
2012.02.23 21:51:26.798,0.66836,0.66874,1.88,1.50
2012.02.23 21:51:28.347,0.66834,0.66872,1.13,1.50
2012.02.23 21:51:30.962,0.66836,0.66874,1.88,2.25
2012.02.23 21:51:38.369,0.66831,0.66876,1.50,1.50
2012.02.23 21:51:39.398,0.66835,0.66876,1.13,1.45
2012.02.23 21:51:40.189,0.66837,0.66882,1.88,2.43
2012.02.23 21:51:40.559,0.66838,0.66881,1.13,2.20
2012.02.23 21:51:40.878,0.66837,0.66881,1.50,1.50
2012.02.23 21:51:41.681,0.66841,0.66882,1.13,2.20
2012.02.23 21:51:42.828,0.66841,0.66892,1.13,2.80
2012.02.23 21:51:45.250,0.66841,0.66885,1.88,1.05
2012.02.23 21:51:45.972,0.6684,0.66882,1.13,1.05
2012.02.23 21:51:46.101,0.66839,0.66882,1.50,1.05
2012.02.23 21:51:46.228,0.6683,0.66878,1.13,1.05
2012.02.23 21:51:46.847,0.66829,0.66875,2.25,1.05
2012.02.23 21:51:47.351,0.66832,0.66876,1.13,1.05
2012.02.23 21:51:47.655,0.66827,0.66876,2.25,1.05
2012.02.23 21:51:48.277,0.66827,0.66876,2.25,1.05
2012.02.23 21:51:49.332,0.66832,0.66876,1.50,1.05
2012.02.23 21:51:49.399,0.66834,0.66876,1.13,1.05
2012.02.23 21:51:50.707,0.66834,0.66878,1.88,1.05
2012.02.23 21:51:50.969,0.66832,0.66878,2.25,1.05
2012.02.23 21:51:52.511,0.66837,0.66878,1.13,2.55
2012.02.23 21:51:52.580,0.66837,0.66878,1.13,2.25
2012.02.23 21:51:52.649,0.66838,0.66878,1.50,2.25
2012.02.23 21:51:53.084,0.66839,0.66878,2.63,2.25
2012.02.23 21:51:56.499,0.6684,0.6688,1.88,2.48
2012.02.23 21:51:57.477,0.66837,0.66877,1.88,2.55
2012.02.23 21:51:58.569,0.66839,0.66879,1.88,2.25
2012.02.23 21:52:00.288,0.6684,0.66879,1.13,2.25
2012.02.23 21:52:08.001,0.66839,0.66879,1.13,2.25
2012.02.23 21:52:08.074,0.66838,0.66874,1.50,2.25
2012.02.23 21:52:08.813,0.66832,0.66872,2.63,2.25
2012.02.23 21:52:09.181,0.66832,0.66872,1.88,2.25
2012.02.23 21:52:13.649,0.66832,0.66867,1.13,1.50
2012.02.23 21:52:19.077,0.66832,0.6687,2.63,3.75
2012.02.23 21:52:25.330,0.66832,0.6687,2.63,2.25
2012.02.23 21:52:27.198,0.66832,0.6687,2.25,2.25
2012.02.23 21:52:27.271,0.66832,0.6687,1.50,2.25
2012.02.23 21:52:30.069,0.66832,0.6687,1.88,2.25
2012.02.23 21:52:32.488,0.66832,0.6687,1.88,2.25
2012.02.23 21:52:33.470,0.66832,0.6687,1.88,2.25
2012.02.23 21:52:33.538,0.66835,0.66873,1.50,2.55
2012.02.23 21:52:39.321,0.66835,0.66873,1.88,2.55
2012.02.23 21:52:39.388,0.66835,0.66873,1.88,1.80
2012.02.23 21:52:39.520,0.66838,0.66876,1.88,1.50
2012.02.23 21:52:39.857,0.66838,0.66876,1.88,2.25
2012.02.23 21:52:42.107,0.66838,0.66876,1.88,2.25
2012.02.23 21:52:46.596,0.66838,0.66876,4.13,2.25
2012.02.23 21:52:46.728,0.66838,0.66876,4.13,1.50
2012.02.23 21:52:46.969,0.66838,0.66876,4.13,2.25
2012.02.23 21:52:47.189,0.66838,0.66876,4.13,1.50
2012.02.23 21:52:49.507,0.66838,0.66876,4.13,2.25
2012.02.23 21:52:50.022,0.66838,0.66876,4.13,2.25
2012.02.23 21:52:50.664,0.66838,0.66876,4.13,3.75
2012.02.23 21:52:51.708,0.66838,0.66873,2.63,1.50
2012.02.23 21:52:52.264,0.66839,0.66877,1.13,2.25
2012.02.23 21:52:52.864,0.66838,0.66874,2.63,2.25
2012.02.23 21:52:52.928,0.66838,0.66874,2.63,2.25
2012.02.23 21:52:54.016,0.66838,0.66874,2.63,1.50
2012.02.23 21:52:57.387,0.66838,0.66874,2.63,2.25
2012.02.23 21:52:57.769,0.66838,0.66878,2.63,1.50
2012.02.23 21:53:00.793,0.66838,0.66878,2.63,1.50
2012.02.23 21:53:02.517,0.66839,0.66878,1.50,2.25
2012.02.23 21:53:03.671,0.66841,0.66879,1.13,2.25
2012.02.23 21:53:05.477,0.66841,0.66881,1.88,1.05
2012.02.23 21:53:12.066,0.6684,0.66878,1.88,2.25
2012.02.23 21:53:17.859,0.66839,0.66875,2.25,2.25
2012.02.23 21:53:29.852,0.66841,0.66879,1.13,2.25
2012.02.23 21:53:33.079,0.66842,0.66883,1.88,2.63
2012.02.23 21:53:33.930,0.66845,0.66882,1.88,1.13
2012.02.23 21:53:57.439,0.66845,0.66883,1.88,2.25
2012.02.23 21:54:00.750,0.66848,0.66883,2.25,2.25
2012.02.23 21:54:01.269,0.66848,0.66883,2.63,2.25
2012.02.23 21:54:09.917,0.66845,0.66883,2.63,2.25
2012.02.23 21:54:10.458,0.66845,0.66883,2.63,2.25
2012.02.23 21:54:10.791,0.66845,0.66883,2.63,2.25
2012.02.23 21:54:11.649,0.66847,0.66883,2.63,2.25
2012.02.23 21:54:14.905,0.6685,0.66888,1.13,1.73
2012.02.23 21:54:15.212,0.66873,0.66902,1.50,2.20
2012.02.23 21:54:15.734,0.66874,0.66901,1.50,2.20
2012.02.23 21:54:18.227,0.66873,0.66906,1.50,2.25
2012.02.23 21:54:19.713,0.66873,0.66906,1.50,2.95
2012.02.23 21:54:19.988,0.66873,0.66902,1.50,2.25
2012.02.23 21:54:20.059,0.66868,0.66902,3.00,2.25
2012.02.23 21:54:20.191,0.66868,0.669,1.50,2.25
2012.02.23 21:54:20.719,0.66867,0.66899,1.13,1.45
2012.02.23 21:54:22.156,0.66864,0.669,1.50,3.33
2012.02.23 21:54:23.025,0.66864,0.66899,1.50,1.45
2012.02.23 21:54:24.087,0.66864,0.66891,1.50,1.50
2012.02.23 21:54:25.578,0.66864,0.66898,1.50,2.25
2012.02.23 21:54:26.559,0.66863,0.669,1.88,2.05
2012.02.23 21:54:27.973,0.66863,0.66899,1.88,1.68
2012.02.23 21:54:33.447,0.66864,0.66897,1.50,2.25
2012.02.23 21:54:34.487,0.66864,0.66897,1.50,2.25
2012.02.23 21:54:35.536,0.66864,0.66897,1.50,2.25
2012.02.23 21:54:36.192,0.66864,0.66897,1.50,2.25
2012.02.23 21:54:37.644,0.66864,0.66897,1.50,2.25
2012.02.23 21:54:37.770,0.66864,0.66899,1.50,1.68
2012.02.23 21:54:41.988,0.66863,0.669,1.88,3.55
2012.02.23 21:54:42.972,0.66863,0.66899,1.88,1.45
2012.02.23 21:54:43.649,0.66863,0.669,1.88,3.55
2012.02.23 21:54:44.254,0.66864,0.66899,1.50,1.45
2012.02.23 21:54:44.902,0.66863,0.669,1.88,3.55
2012.02.23 21:54:45.551,0.66864,0.66899,1.50,1.45
2012.02.23 21:54:48.189,0.66867,0.66899,1.13,1.45
2012.02.23 21:54:48.260,0.66869,0.66902,1.50,3.00
2012.02.23 21:54:50.713,0.66868,0.66902,1.88,3.00
2012.02.23 21:54:51.344,0.66868,0.66902,1.88,3.00
2012.02.23 21:54:52.232,0.66869,0.66899,1.50,2.25
2012.02.23 21:54:52.298,0.66869,0.66899,2.25,2.25
2012.02.23 21:54:52.375,0.6687,0.66904,2.25,1.83
2012.02.23 21:54:52.442,0.66873,0.669,1.50,2.25
2012.02.23 21:54:52.989,0.66868,0.669,1.50,2.25
2012.02.23 21:54:53.950,0.66868,0.669,1.50,2.25
2012.02.23 21:54:54.715,0.66868,0.669,1.50,2.25
2012.02.23 21:54:56.589,0.66868,0.669,1.50,2.25
2012.02.23 21:54:59.994,0.66869,0.669,1.50,2.25
2012.02.23 21:55:00.495,0.66868,0.66902,1.50,3.00
2012.02.23 21:55:01.309,0.66868,0.66902,1.50,3.00
2012.02.23 21:55:01.464,0.66869,0.66902,1.13,3.00
2012.02.23 21:55:01.787,0.66874,0.66908,1.50,1.83
2012.02.23 21:55:02.300,0.66874,0.66908,1.50,1.83
2012.02.23 21:55:02.828,0.66873,0.66908,1.50,1.83
2012.02.23 21:55:03.504,0.66874,0.66908,1.50,1.13
2012.02.23 21:55:04.022,0.66869,0.66904,1.88,1.45
2012.02.23 21:55:04.814,0.66868,0.66905,1.50,1.45
2012.02.23 21:55:04.938,0.66867,0.66908,2.25,1.13
2012.02.23 21:55:05.010,0.66857,0.66906,2.25,1.05
2012.02.23 21:55:06.419,0.66864,0.66901,1.13,1.83
2012.02.23 21:55:07.032,0.66864,0.669,1.13,1.45
2012.02.23 21:55:07.853,0.66864,0.66901,1.13,1.83
2012.02.23 21:55:08.496,0.66864,0.669,1.88,1.45
2012.02.23 21:55:09.609,0.66864,0.669,1.88,1.45
2012.02.23 21:55:09.948,0.66864,0.66901,1.88,1.13
2012.02.23 21:55:10.650,0.66864,0.66901,1.88,1.13
2012.02.23 21:55:11.201,0.66864,0.66901,1.13,1.13
2012.02.23 21:55:12.977,0.66863,0.66902,1.50,1.45
2012.02.23 21:55:13.281,0.66874,0.6691,1.50,1.68
2012.02.23 21:55:13.500,0.66863,0.66903,1.50,1.68
2012.02.23 21:55:14.449,0.66864,0.66902,1.50,1.45
2012.02.23 21:55:14.517,0.66857,0.66913,2.25,3.69
2012.02.23 21:55:15.124,0.66858,0.66912,1.50,3.23
2012.02.23 21:55:16.218,0.66857,0.66913,2.25,3.69
2012.02.23 21:55:16.969,0.66857,0.66913,2.25,3.69
2012.02.23 21:55:19.866,0.66857,0.66893,2.25,3.00
2012.02.23 21:55:20.056,0.66857,0.66893,2.25,3.00
2012.02.23 21:55:20.818,0.66857,0.66893,2.25,3.00
2012.02.23 21:55:21.038,0.66857,0.66893,2.25,3.00
2012.02.23 21:55:21.258,0.66857,0.66893,2.25,3.00
2012.02.23 21:55:21.538,0.66857,0.66893,2.25,3.00
2012.02.23 21:55:22.187,0.66857,0.66893,2.25,3.00
2012.02.23 21:55:22.581,0.66857,0.66893,2.25,3.00
2012.02.23 21:55:23.408,0.66858,0.66905,2.25,1.05
2012.02.23 21:55:25.090,0.66858,0.66912,2.25,3.23
2012.02.23 21:55:26.027,0.66858,0.66912,3.00,3.23
2012.02.23 21:55:26.493,0.66867,0.66913,2.25,3.23
2012.02.23 21:55:46.015,0.66867,0.66913,2.25,3.23
2012.02.23 21:56:00.407,0.66868,0.66912,2.25,3.00
2012.02.23 21:56:37.987,0.66868,0.6691,2.25,1.13
2012.02.23 21:56:38.058,0.66867,0.66903,2.25,3.00
2012.02.23 21:56:38.623,0.66867,0.66903,2.25,3.00
2012.02.23 21:56:41.460,0.66867,0.66903,2.25,3.00
2012.02.23 21:56:41.526,0.66867,0.66903,3.00,3.00
2012.02.23 21:56:45.316,0.66867,0.66903,2.25,3.00
2012.02.23 21:56:45.845,0.66868,0.66911,2.25,1.05
2012.02.23 21:56:49.266,0.66868,0.66912,2.25,3.00
2012.02.23 21:56:55.718,0.66868,0.66912,2.25,3.00
2012.02.23 21:57:27.268,0.66868,0.66909,3.75,1.13
2012.02.23 21:57:27.985,0.66868,0.6691,2.25,1.13
2012.02.23 21:57:28.106,0.66868,0.6691,3.00,1.13
2012.02.23 21:57:28.166,0.66878,0.66912,2.25,3.00
2012.02.23 21:57:31.558,0.66878,0.66911,2.25,1.05
2012.02.23 21:57:31.627,0.66868,0.66911,2.25,1.05
2012.02.23 21:57:31.826,0.66868,0.66911,3.00,1.05
2012.02.23 21:57:32.066,0.66868,0.66911,2.25,1.05
2012.02.23 21:57:32.128,0.66878,0.66911,2.25,1.05
2012.02.23 21:57:33.857,0.66878,0.66911,2.25,1.05
2012.02.23 21:57:33.926,0.66878,0.66911,2.25,1.05
2012.02.23 21:57:34.048,0.66878,0.66912,2.25,3.00
2012.02.23 21:57:35.007,0.66878,0.66912,2.25,3.00
2012.02.23 21:57:36.300,0.66878,0.66922,2.25,3.23
2012.02.23 21:57:40.819,0.66878,0.66922,2.25,3.23
2012.02.23 21:57:45.757,0.66878,0.66922,2.25,3.23
2012.02.23 21:57:49.382,0.66898,0.66932,2.25,3.00
2012.02.23 21:57:53.056,0.66897,0.66936,2.25,2.20
2012.02.23 21:57:55.061,0.66897,0.66936,2.25,2.95
2012.02.23 21:57:56.614,0.66897,0.66936,2.25,1.50
2012.02.23 21:57:57.259,0.66897,0.66936,2.25,1.50
2012.02.23 21:57:58.956,0.66897,0.66936,2.25,2.25
2012.02.23 21:57:59.888,0.66897,0.66936,2.25,2.25
2012.02.23 21:58:00.266,0.66888,0.66933,1.50,3.00
2012.02.23 21:58:00.446,0.66887,0.66933,3.00,3.00
2012.02.23 21:58:11.338,0.66887,0.66933,2.25,3.00
2012.02.23 21:58:11.597,0.66887,0.66933,2.25,3.00
2012.02.23 21:58:12.441,0.66887,0.66933,3.00,3.00
2012.02.23 21:58:18.750,0.66897,0.66936,2.25,2.20
2012.02.23 21:58:22.238,0.66897,0.66936,2.25,2.20
2012.02.23 21:58:22.367,0.66887,0.66933,2.25,3.00
2012.02.23 21:58:36.330,0.66887,0.66933,2.25,3.00
2012.02.23 21:58:36.400,0.66887,0.66933,3.00,3.00
2012.02.23 21:58:45.407,0.66888,0.66922,2.25,3.00
2012.02.23 21:58:45.478,0.66888,0.66922,2.25,3.00
2012.02.23 21:58:45.547,0.66878,0.66922,4.56,3.00
2012.02.23 21:58:47.777,0.66878,0.66922,2.31,3.00
2012.02.23 21:58:51.739,0.66878,0.66922,1.56,3.00
2012.02.23 21:58:51.866,0.66868,0.66922,3.00,3.00
2012.02.23 21:58:51.939,0.66868,0.66922,3.00,3.00
2012.02.23 21:58:52.007,0.66872,0.66922,1.50,3.00
2012.02.23 21:58:52.391,0.66874,0.66922,1.50,3.00
2012.02.23 21:58:52.458,0.66873,0.66922,1.50,3.00
2012.02.23 21:58:52.838,0.66874,0.66922,2.25,3.00
2012.02.23 21:58:53.681,0.66874,0.66922,1.50,3.00
2012.02.23 21:58:54.498,0.66873,0.66922,1.50,3.00
2012.02.23 21:58:55.093,0.66873,0.66922,1.50,3.00
2012.02.23 21:58:55.713,0.66873,0.66922,1.50,3.00
2012.02.23 21:58:55.882,0.66873,0.66922,1.50,3.00
2012.02.23 21:58:58.307,0.66868,0.66922,3.75,3.00
2012.02.23 21:58:59.448,0.66868,0.66922,3.00,3.00
2012.02.23 21:59:03.580,0.66871,0.66914,0.75,0.75
2012.02.23 21:59:07.743,0.66868,0.66909,2.25,0.75
2012.02.23 21:59:08.567,0.66872,0.66913,0.75,0.75
2012.02.23 21:59:09.458,0.66868,0.66909,2.25,0.75
2012.02.23 21:59:14.626,0.66872,0.66913,0.75,0.75
2012.02.23 21:59:16.827,0.66868,0.66908,2.25,0.75
2012.02.23 21:59:17.574,0.66872,0.66913,0.75,0.75
2012.02.23 21:59:19.040,0.66868,0.66908,2.25,0.75
2012.02.23 21:59:21.904,0.66868,0.66919,2.25,0.75
2012.02.23 21:59:22.657,0.66871,0.66922,0.75,2.25
2012.02.23 21:59:30.805,0.66872,0.66918,0.75,0.75
2012.02.23 21:59:31.114,0.66877,0.66922,0.75,2.25
2012.02.23 21:59:33.419,0.66877,0.66923,0.75,0.75
2012.02.23 21:59:43.081,0.66881,0.66923,0.75,2.25
2012.02.23 21:59:47.966,0.66876,0.66923,0.75,2.25
2012.02.23 21:59:50.399,0.66881,0.66923,0.75,2.25
2012.02.23 21:59:52.229,0.66887,0.66923,0.75,2.25
2012.02.23 21:59:53.437,0.66881,0.66923,0.75,2.25
2012.02.23 21:59:55.867,0.66882,0.66923,0.75,2.25
2012.02.23 21:59:55.925,0.66882,0.66932,0.75,2.25
2012.02.23 21:59:56.235,0.66886,0.66932,0.75,2.25
2012.02.23 21:59:57.983,0.66882,0.66928,0.75,0.75
2012.02.23 21:59:58.792,0.66882,0.66923,0.75,0.75
2012.02.23 21:59:59.441,0.66882,0.66922,0.75,2.25
