2012.02.13 17:00:01.525,0.64707,0.64723,1.50,1.50
2012.02.13 17:00:02.362,0.64707,0.64724,2.25,1.50
2012.02.13 17:00:02.494,0.64711,0.64726,1.50,1.50
2012.02.13 17:00:02.628,0.64708,0.64726,3.75,1.50
2012.02.13 17:00:02.761,0.64708,0.64726,4.50,1.50
2012.02.13 17:00:02.882,0.64708,0.64726,3.75,1.50
2012.02.13 17:00:02.971,0.64708,0.64726,4.50,1.50
2012.02.13 17:00:03.833,0.64712,0.64729,1.50,2.03
2012.02.13 17:00:03.921,0.6471,0.64723,1.50,1.50
2012.02.13 17:00:04.072,0.64705,0.64723,3.75,1.50
2012.02.13 17:00:04.585,0.64707,0.64724,2.25,1.50
2012.02.13 17:00:05.936,0.64708,0.64723,1.50,1.50
2012.02.13 17:00:07.005,0.64705,0.6472,1.50,1.50
2012.02.13 17:00:18.907,0.64704,0.6472,1.50,1.50
2012.02.13 17:00:19.687,0.64704,0.64721,1.50,1.50
2012.02.13 17:00:32.646,0.64702,0.6472,3.00,1.50
2012.02.13 17:00:33.153,0.64703,0.64721,1.50,3.00
2012.02.13 17:00:33.752,0.64702,0.6472,1.50,1.50
2012.02.13 17:00:36.240,0.64704,0.6472,1.50,1.50
2012.02.13 17:00:36.542,0.64702,0.6472,2.25,1.50
2012.02.13 17:00:42.731,0.64705,0.64721,1.50,1.50
2012.02.13 17:00:43.255,0.64705,0.64722,1.50,1.50
2012.02.13 17:00:43.772,0.64703,0.64719,1.50,1.50
2012.02.13 17:00:46.943,0.64706,0.64723,1.50,3.75
2012.02.13 17:00:47.011,0.64704,0.64721,1.50,1.50
2012.02.13 17:00:47.570,0.64703,0.64721,1.50,1.50
2012.02.13 17:01:14.282,0.64706,0.64721,2.25,1.50
2012.02.13 17:01:14.537,0.64705,0.6472,1.50,1.50
2012.02.13 17:01:14.728,0.64703,0.64719,1.50,1.50
2012.02.13 17:01:15.974,0.64702,0.64719,1.50,1.50
2012.02.13 17:01:16.887,0.64703,0.64719,2.02,1.50
2012.02.13 17:01:18.667,0.64702,0.64719,1.50,1.50
2012.02.13 17:01:18.855,0.647,0.64717,1.50,1.50
2012.02.13 17:01:19.296,0.64702,0.64719,1.50,1.50
2012.02.13 17:01:19.964,0.64702,0.64719,2.25,1.50
2012.02.13 17:01:20.150,0.64704,0.64721,2.25,1.50
2012.02.13 17:01:20.773,0.64704,0.64721,1.50,1.50
2012.02.13 17:01:21.001,0.64703,0.64718,1.50,1.50
2012.02.13 17:01:22.705,0.64703,0.64718,2.25,1.50
2012.02.13 17:01:23.151,0.64704,0.64721,2.25,1.50
2012.02.13 17:01:24.515,0.64704,0.64721,1.50,1.50
2012.02.13 17:01:25.261,0.64705,0.64721,2.25,1.50
2012.02.13 17:01:25.338,0.64706,0.64724,2.25,1.50
2012.02.13 17:01:25.584,0.64708,0.64724,1.50,1.50
2012.02.13 17:01:25.904,0.6471,0.64725,1.50,1.50
2012.02.13 17:01:29.452,0.64709,0.64727,1.50,3.75
2012.02.13 17:01:30.068,0.6471,0.64725,1.50,1.50
2012.02.13 17:01:38.972,0.64709,0.64727,1.50,1.50
2012.02.13 17:01:39.749,0.64709,0.64726,1.50,1.50
2012.02.13 17:01:41.471,0.6471,0.64725,1.50,1.50
2012.02.13 17:01:42.093,0.64709,0.64727,1.50,1.50
2012.02.13 17:01:42.640,0.64709,0.64726,1.50,1.50
2012.02.13 17:01:46.127,0.64708,0.64725,1.50,1.50
2012.02.13 17:01:46.845,0.64709,0.64726,1.50,3.00
2012.02.13 17:01:50.367,0.64711,0.64727,2.25,1.50
2012.02.13 17:01:50.691,0.64713,0.64729,1.50,1.50
2012.02.13 17:01:50.995,0.64713,0.64731,1.50,3.00
2012.02.13 17:01:51.065,0.64714,0.64729,1.50,1.50
2012.02.13 17:01:51.131,0.6471,0.64728,1.50,1.50
2012.02.13 17:01:57.222,0.64714,0.64729,1.50,1.50
2012.02.13 17:02:00.846,0.6471,0.64728,1.50,1.50
2012.02.13 17:02:07.966,0.64709,0.64726,1.50,1.50
2012.02.13 17:02:08.680,0.64709,0.64727,1.50,1.50
2012.02.13 17:02:10.489,0.6471,0.64725,1.50,1.50
2012.02.13 17:02:16.130,0.6471,0.64726,1.50,1.50
2012.02.13 17:02:24.210,0.64712,0.64729,1.50,3.00
2012.02.13 17:02:34.940,0.64714,0.6473,1.50,1.50
2012.02.13 17:02:35.546,0.64716,0.64732,1.50,2.25
2012.02.13 17:02:35.858,0.64719,0.64732,1.50,2.25
2012.02.13 17:02:36.034,0.64719,0.64734,1.50,1.50
2012.02.13 17:02:36.117,0.64727,0.64742,1.50,2.78
2012.02.13 17:02:36.965,0.64726,0.64742,3.00,2.25
2012.02.13 17:02:37.122,0.64728,0.64744,1.50,2.03
2012.02.13 17:02:38.300,0.64728,0.64744,1.50,2.03
2012.02.13 17:02:39.344,0.64728,0.64744,1.50,2.03
2012.02.13 17:02:39.632,0.64726,0.64743,3.00,2.03
2012.02.13 17:02:40.556,0.64727,0.64743,1.50,2.03
2012.02.13 17:02:40.784,0.64727,0.64745,1.50,1.50
2012.02.13 17:02:40.912,0.6473,0.64745,1.50,1.50
2012.02.13 17:02:44.775,0.64727,0.64743,1.50,1.50
2012.02.13 17:02:45.298,0.64728,0.64744,1.50,1.50
2012.02.13 17:02:51.013,0.6473,0.64747,1.50,1.50
2012.02.13 17:02:51.332,0.64726,0.64744,1.50,1.50
2012.02.13 17:02:51.594,0.64728,0.64744,1.50,1.50
2012.02.13 17:03:05.065,0.6473,0.64748,1.50,1.50
2012.02.13 17:03:05.602,0.64731,0.64749,1.50,1.50
2012.02.13 17:03:06.227,0.6473,0.64748,1.50,1.50
2012.02.13 17:03:07.222,0.6473,0.64748,2.25,1.50
2012.02.13 17:03:07.543,0.64737,0.64748,1.50,1.50
2012.02.13 17:03:07.613,0.64735,0.64748,1.50,1.50
2012.02.13 17:03:07.745,0.6474,0.64752,1.50,2.25
2012.02.13 17:03:07.875,0.64737,0.64752,1.50,1.50
2012.02.13 17:03:09.983,0.64736,0.64751,1.50,1.50
2012.02.13 17:03:24.711,0.64738,0.64753,1.50,2.25
2012.02.13 17:03:25.261,0.64738,0.64754,1.50,1.50
2012.02.13 17:03:28.501,0.64737,0.64752,1.50,1.50
2012.02.13 17:03:28.631,0.64737,0.64754,1.50,1.50
2012.02.13 17:03:31.274,0.6474,0.64756,1.50,1.50
2012.02.13 17:03:31.947,0.6474,0.64755,1.50,1.50
2012.02.13 17:03:32.016,0.64737,0.64754,1.50,1.50
2012.02.13 17:03:38.186,0.64736,0.64753,1.50,1.50
2012.02.13 17:03:38.447,0.64736,0.64748,1.50,1.50
2012.02.13 17:03:38.583,0.64727,0.64745,2.25,1.50
2012.02.13 17:03:39.111,0.64728,0.64745,2.25,1.50
2012.02.13 17:03:39.180,0.64727,0.64743,2.25,1.50
2012.02.13 17:03:39.723,0.64727,0.64745,2.25,1.50
2012.02.13 17:03:43.676,0.6473,0.64746,1.50,1.50
2012.02.13 17:03:44.256,0.6473,0.64747,1.50,1.50
2012.02.13 17:03:49.582,0.64727,0.64745,2.25,1.50
2012.02.13 17:03:49.655,0.64729,0.64745,1.50,1.50
2012.02.13 17:03:50.720,0.64729,0.64745,2.25,1.50
2012.02.13 17:03:50.859,0.6473,0.64748,2.25,1.50
2012.02.13 17:03:51.375,0.64731,0.64749,2.25,1.50
2012.02.13 17:03:54.683,0.64734,0.64751,1.50,1.50
2012.02.13 17:03:56.472,0.64733,0.64749,1.50,1.50
2012.02.13 17:03:56.911,0.64731,0.64747,2.25,1.50
2012.02.13 17:03:58.032,0.64732,0.64748,1.50,1.50
2012.02.13 17:03:58.592,0.64732,0.64749,1.50,1.50
2012.02.13 17:04:11.601,0.6473,0.64747,3.00,1.50
2012.02.13 17:04:12.137,0.6473,0.64746,1.50,1.50
2012.02.13 17:04:13.616,0.64729,0.64746,1.50,1.50
2012.02.13 17:04:16.268,0.64731,0.64746,1.50,1.50
2012.02.13 17:04:17.051,0.6473,0.64745,1.50,1.50
2012.02.13 17:04:18.491,0.64729,0.64746,1.50,1.50
2012.02.13 17:04:19.671,0.64728,0.64744,1.50,1.50
2012.02.13 17:04:19.970,0.64726,0.64744,1.50,1.50
2012.02.13 17:04:24.004,0.6473,0.64745,1.50,1.50
2012.02.13 17:04:26.625,0.6473,0.64743,1.50,2.25
2012.02.13 17:04:26.944,0.64721,0.64736,2.25,1.50
2012.02.13 17:04:27.490,0.6472,0.64735,1.50,1.50
2012.02.13 17:04:27.826,0.6472,0.64735,2.25,1.50
2012.02.13 17:04:28.040,0.64723,0.64737,1.50,1.50
2012.02.13 17:04:28.593,0.64723,0.64738,1.50,1.50
2012.02.13 17:04:39.283,0.64721,0.64736,2.25,1.50
2012.02.13 17:04:39.887,0.6472,0.64735,2.25,1.50
2012.02.13 17:04:41.066,0.6472,0.64735,1.50,1.50
2012.02.13 17:04:42.975,0.6472,0.64735,2.25,1.50
2012.02.13 17:04:43.497,0.6472,0.64735,1.50,1.50
2012.02.13 17:04:50.934,0.64717,0.64732,4.50,1.50
2012.02.13 17:04:51.256,0.64717,0.64732,3.75,1.50
2012.02.13 17:04:51.326,0.64717,0.64732,3.00,1.50
2012.02.13 17:04:51.854,0.64716,0.64733,3.00,1.50
2012.02.13 17:04:52.374,0.64717,0.64735,1.50,1.50
2012.02.13 17:04:55.813,0.64716,0.64731,3.75,1.50
2012.02.13 17:04:56.236,0.64712,0.64728,3.75,1.50
2012.02.13 17:04:56.304,0.64712,0.64728,3.75,1.50
2012.02.13 17:04:56.445,0.64712,0.64728,3.00,1.50
2012.02.13 17:04:56.966,0.64711,0.64729,3.00,1.50
2012.02.13 17:04:57.093,0.64711,0.64727,3.00,1.50
2012.02.13 17:04:57.664,0.64712,0.64728,2.25,1.50
2012.02.13 17:04:58.464,0.64711,0.64726,1.50,1.50
2012.02.13 17:04:59.174,0.64711,0.64727,3.00,1.50
2012.02.13 17:04:59.735,0.64711,0.64728,1.50,1.50
2012.02.13 17:05:00.495,0.64711,0.64728,1.50,1.50
2012.02.13 17:05:02.330,0.64711,0.64728,1.50,1.50
2012.02.13 17:05:04.912,0.6471,0.64728,2.25,1.50
2012.02.13 17:05:05.461,0.6471,0.64728,2.25,1.50
2012.02.13 17:05:05.968,0.64711,0.64728,1.50,1.50
2012.02.13 17:05:07.230,0.6471,0.64728,2.25,1.50
2012.02.13 17:05:09.694,0.6471,0.64728,1.50,1.50
2012.02.13 17:05:11.104,0.64708,0.64725,5.25,1.50
2012.02.13 17:05:13.167,0.64708,0.64725,4.50,1.50
2012.02.13 17:05:14.977,0.64708,0.64725,3.75,1.50
2012.02.13 17:05:17.442,0.64708,0.64725,4.50,1.50
2012.02.13 17:05:25.500,0.64711,0.64727,2.25,3.00
2012.02.13 17:05:31.516,0.6471,0.64725,1.50,1.50
2012.02.13 17:05:32.674,0.6471,0.64726,1.50,1.50
2012.02.13 17:05:36.392,0.6471,0.64726,2.25,1.50
2012.02.13 17:05:36.950,0.64712,0.64729,1.50,3.00
2012.02.13 17:05:38.123,0.64713,0.64729,1.50,1.50
2012.02.13 17:05:38.662,0.64713,0.64728,1.50,1.50
2012.02.13 17:05:41.238,0.64711,0.64728,3.75,1.50
2012.02.13 17:05:46.575,0.64712,0.64728,1.50,1.50
2012.02.13 17:05:46.643,0.64713,0.64731,1.50,1.50
2012.02.13 17:05:47.450,0.64714,0.64731,1.50,1.50
2012.02.13 17:05:47.514,0.64716,0.64732,1.50,2.25
2012.02.13 17:05:47.840,0.64714,0.6473,1.50,1.50
2012.02.13 17:05:50.944,0.64712,0.6473,1.50,1.50
2012.02.13 17:05:53.117,0.64713,0.64731,1.50,1.50
2012.02.13 17:05:56.552,0.64715,0.64731,1.50,1.50
2012.02.13 17:05:56.864,0.64719,0.64732,1.50,2.25
2012.02.13 17:05:56.933,0.64719,0.64735,1.50,2.25
2012.02.13 17:05:57.844,0.64719,0.64737,1.50,1.50
2012.02.13 17:05:58.516,0.64718,0.64735,1.50,1.50
2012.02.13 17:06:00.546,0.6472,0.64735,1.50,1.50
2012.02.13 17:06:01.195,0.64722,0.64737,1.50,1.50
2012.02.13 17:06:01.324,0.64722,0.64739,1.50,3.75
2012.02.13 17:06:01.514,0.64724,0.64739,1.50,1.50
2012.02.13 17:06:01.645,0.64722,0.64739,1.50,1.50
2012.02.13 17:06:02.151,0.64721,0.64738,3.00,1.50
2012.02.13 17:06:02.584,0.64723,0.64738,1.50,1.50
2012.02.13 17:06:03.040,0.6472,0.64735,1.50,1.50
2012.02.13 17:06:03.111,0.64718,0.64735,3.00,1.50
2012.02.13 17:06:03.374,0.64721,0.64737,1.50,1.50
2012.02.13 17:06:03.628,0.64723,0.64741,1.50,2.03
2012.02.13 17:06:04.809,0.64723,0.64741,1.50,2.03
2012.02.13 17:06:05.538,0.64724,0.6474,1.50,1.50
2012.02.13 17:06:08.702,0.64721,0.64738,2.25,1.50
2012.02.13 17:06:09.402,0.64724,0.64739,1.50,1.50
2012.02.13 17:06:11.218,0.64722,0.64737,1.50,1.50
2012.02.13 17:06:11.286,0.64719,0.64737,1.50,1.50
2012.02.13 17:06:11.487,0.64717,0.64735,5.25,1.50
2012.02.13 17:06:11.809,0.64717,0.64729,2.25,1.50
2012.02.13 17:06:12.107,0.64713,0.64729,1.50,1.50
2012.02.13 17:06:12.662,0.64714,0.6473,1.50,3.00
2012.02.13 17:06:12.884,0.64712,0.6473,1.50,1.50
2012.02.13 17:06:12.953,0.64713,0.64728,1.50,1.50
2012.02.13 17:06:13.413,0.64712,0.6473,1.50,1.50
2012.02.13 17:06:13.972,0.64713,0.64728,1.50,1.50
2012.02.13 17:06:16.948,0.64712,0.64729,1.50,1.50
2012.02.13 17:06:17.714,0.64712,0.6473,1.50,1.50
2012.02.13 17:06:18.793,0.64712,0.64729,1.50,1.50
2012.02.13 17:06:20.013,0.64713,0.64729,1.50,1.50
2012.02.13 17:06:28.433,0.64714,0.64731,1.50,1.50
2012.02.13 17:06:31.567,0.64713,0.64729,1.50,1.50
2012.02.13 17:06:31.919,0.64711,0.64728,1.50,1.50
2012.02.13 17:06:32.881,0.64712,0.64727,1.50,1.50
2012.02.13 17:06:33.313,0.64712,0.64729,2.25,1.50
2012.02.13 17:06:33.507,0.64712,0.64727,1.50,1.50
2012.02.13 17:06:34.257,0.64712,0.64729,1.50,3.00
2012.02.13 17:06:35.563,0.64712,0.64727,1.50,1.50
2012.02.13 17:06:35.705,0.64712,0.64729,1.50,1.50
2012.02.13 17:06:37.654,0.64713,0.64728,1.50,1.50
2012.02.13 17:06:38.417,0.64713,0.64731,1.50,1.50
2012.02.13 17:06:40.748,0.64713,0.6473,1.50,1.50
2012.02.13 17:06:41.356,0.64713,0.64729,1.50,1.50
2012.02.13 17:06:44.211,0.64712,0.64729,1.50,1.50
2012.02.13 17:06:58.312,0.64713,0.64731,1.50,3.00
2012.02.13 17:06:58.462,0.64713,0.64729,1.50,1.50
2012.02.13 17:06:59.001,0.64713,0.64731,1.50,1.50
2012.02.13 17:07:00.425,0.64713,0.64729,1.50,1.50
2012.02.13 17:07:00.969,0.64712,0.64729,1.50,2.25
2012.02.13 17:07:01.475,0.6471,0.64726,1.50,1.50
2012.02.13 17:07:02.064,0.64709,0.64727,1.50,1.50
2012.02.13 17:07:02.881,0.64708,0.64724,1.50,1.50
2012.02.13 17:07:02.954,0.64706,0.64724,1.50,1.50
2012.02.13 17:07:03.312,0.64706,0.64722,1.50,1.50
2012.02.13 17:07:03.961,0.64705,0.64722,1.50,1.50
2012.02.13 17:07:11.246,0.64708,0.64723,1.50,1.50
2012.02.13 17:07:17.610,0.64705,0.64722,1.50,1.50
2012.02.13 17:07:17.816,0.64703,0.64719,1.50,1.50
2012.02.13 17:07:18.402,0.64704,0.64721,1.50,1.50
2012.02.13 17:07:19.048,0.64704,0.64718,1.50,1.50
2012.02.13 17:07:19.120,0.647,0.64715,1.50,1.50
2012.02.13 17:07:19.555,0.64696,0.64714,2.25,1.50
2012.02.13 17:07:19.629,0.64696,0.64712,1.50,2.25
2012.02.13 17:07:19.875,0.64696,0.64714,2.25,1.50
2012.02.13 17:07:20.087,0.64696,0.64712,1.50,2.25
2012.02.13 17:07:21.575,0.64697,0.64712,1.50,2.25
2012.02.13 17:07:24.992,0.64695,0.64712,1.50,2.25
2012.02.13 17:07:25.684,0.64696,0.64712,1.50,2.25
2012.02.13 17:07:26.983,0.64696,0.64712,2.25,2.25
2012.02.13 17:07:27.053,0.64702,0.64712,1.50,2.25
2012.02.13 17:07:27.441,0.647,0.64713,1.50,2.25
2012.02.13 17:07:28.723,0.64697,0.64713,1.50,3.75
2012.02.13 17:07:30.411,0.64698,0.64716,1.50,1.50
2012.02.13 17:07:30.534,0.64698,0.64713,1.50,2.25
2012.02.13 17:07:30.843,0.64698,0.64716,1.50,1.50
2012.02.13 17:07:30.972,0.64702,0.64717,1.50,1.50
2012.02.13 17:07:37.053,0.64702,0.64713,1.50,2.25
2012.02.13 17:07:39.046,0.647,0.64713,1.50,2.25
2012.02.13 17:07:40.441,0.647,0.64715,1.50,1.50
2012.02.13 17:07:40.513,0.64701,0.64717,1.50,1.50
2012.02.13 17:07:40.885,0.64703,0.64719,1.50,1.50
2012.02.13 17:07:41.682,0.64703,0.6472,1.50,2.25
2012.02.13 17:07:43.448,0.64703,0.64721,1.50,1.50
2012.02.13 17:07:44.157,0.64709,0.64721,1.50,1.50
2012.02.13 17:07:44.465,0.64712,0.64722,1.50,2.25
2012.02.13 17:07:44.896,0.64709,0.64722,1.50,2.25
2012.02.13 17:07:45.487,0.6471,0.64722,1.50,2.25
2012.02.13 17:07:46.412,0.64709,0.64722,1.50,2.25
2012.02.13 17:07:46.945,0.64706,0.64722,1.50,3.75
2012.02.13 17:07:47.077,0.64706,0.64719,1.50,1.50
2012.02.13 17:07:47.145,0.64702,0.64719,3.00,1.50
2012.02.13 17:07:49.286,0.647,0.64717,1.50,1.50
2012.02.13 17:07:49.602,0.64702,0.64719,2.25,1.50
2012.02.13 17:07:53.307,0.647,0.64717,3.00,1.50
2012.02.13 17:07:54.979,0.64701,0.64717,1.50,1.50
2012.02.13 17:07:55.042,0.64702,0.64719,1.50,1.50
2012.02.13 17:07:58.004,0.64701,0.64717,1.50,1.50
2012.02.13 17:07:58.645,0.647,0.64718,1.50,1.50
2012.02.13 17:08:09.733,0.647,0.64716,1.50,1.50
2012.02.13 17:08:09.806,0.64698,0.64715,1.50,1.50
2012.02.13 17:08:10.002,0.64698,0.64712,1.50,2.25
2012.02.13 17:08:14.235,0.64699,0.64712,1.50,2.25
2012.02.13 17:08:14.626,0.64701,0.64712,1.50,2.25
2012.02.13 17:08:15.175,0.64701,0.64718,1.50,1.50
2012.02.13 17:08:16.297,0.647,0.64715,1.50,1.50
2012.02.13 17:08:16.601,0.64698,0.64713,1.50,2.25
2012.02.13 17:08:17.728,0.64697,0.64713,1.50,1.50
2012.02.13 17:08:18.496,0.64695,0.6471,1.50,1.50
2012.02.13 17:08:21.533,0.64692,0.6471,3.75,1.50
2012.02.13 17:08:22.061,0.64693,0.64711,1.50,3.00
2012.02.13 17:08:22.316,0.64694,0.64708,1.50,1.50
2012.02.13 17:08:22.456,0.64695,0.64712,1.50,2.25
2012.02.13 17:08:24.393,0.64694,0.6471,3.00,1.50
2012.02.13 17:08:26.134,0.64692,0.6471,1.50,1.50
2012.02.13 17:08:26.573,0.64694,0.6471,1.50,1.50
2012.02.13 17:08:31.784,0.64695,0.64712,1.50,3.75
2012.02.13 17:08:31.915,0.64695,0.64712,2.25,3.75
2012.02.13 17:08:32.463,0.64698,0.64712,1.50,2.25
2012.02.13 17:08:34.017,0.64696,0.64712,1.50,2.25
2012.02.13 17:08:34.621,0.64698,0.64712,1.50,2.25
2012.02.13 17:08:41.341,0.64698,0.64713,1.50,1.50
2012.02.13 17:08:41.536,0.647,0.64716,1.50,1.50
2012.02.13 17:08:42.285,0.64697,0.64715,3.00,1.50
2012.02.13 17:08:53.448,0.64697,0.64712,3.75,1.50
2012.02.13 17:08:54.139,0.64697,0.64711,2.25,1.50
2012.02.13 17:08:54.751,0.64696,0.64711,1.50,1.50
2012.02.13 17:08:55.056,0.64694,0.6471,1.50,1.50
2012.02.13 17:08:55.124,0.64691,0.64709,1.50,1.50
2012.02.13 17:08:55.626,0.64692,0.64709,1.50,1.50
2012.02.13 17:08:56.803,0.64691,0.64709,1.50,1.50
2012.02.13 17:08:58.238,0.64692,0.64709,1.50,1.50
2012.02.13 17:08:58.606,0.64695,0.6471,1.50,1.50
2012.02.13 17:09:05.011,0.64695,0.64712,1.50,2.25
2012.02.13 17:09:07.147,0.64701,0.64712,1.50,2.25
2012.02.13 17:09:07.214,0.64701,0.64717,1.50,1.50
2012.02.13 17:09:07.344,0.64701,0.64712,1.50,2.25
2012.02.13 17:09:07.702,0.64697,0.64712,1.50,2.25
2012.02.13 17:09:07.773,0.64697,0.64715,1.50,1.50
2012.02.13 17:09:08.337,0.64697,0.64715,1.50,2.25
2012.02.13 17:09:11.348,0.64697,0.64715,1.50,1.50
2012.02.13 17:09:22.513,0.64698,0.64715,1.50,1.50
2012.02.13 17:09:22.583,0.64701,0.64717,1.50,1.50
2012.02.13 17:09:24.616,0.64698,0.64715,1.50,1.50
2012.02.13 17:09:29.404,0.64698,0.64713,1.50,1.50
2012.02.13 17:09:30.003,0.64699,0.64714,1.50,1.50
2012.02.13 17:09:36.044,0.64699,0.64712,1.50,2.25
2012.02.13 17:09:39.056,0.64696,0.64712,1.50,3.75
2012.02.13 17:09:39.609,0.64694,0.64712,2.25,1.50
2012.02.13 17:09:39.673,0.647,0.64714,1.50,1.50
2012.02.13 17:09:39.806,0.64698,0.64715,1.50,1.50
2012.02.13 17:09:39.935,0.647,0.64718,1.50,3.00
2012.02.13 17:09:40.282,0.647,0.64716,1.50,1.50
2012.02.13 17:09:40.815,0.64699,0.64716,1.50,1.50
2012.02.13 17:09:41.867,0.64699,0.64714,1.50,1.50
2012.02.13 17:09:44.952,0.64699,0.64713,1.50,2.25
2012.02.13 17:09:45.321,0.64697,0.64715,2.25,1.50
2012.02.13 17:09:49.953,0.64696,0.64711,2.25,1.50
2012.02.13 17:09:50.396,0.64693,0.64711,1.50,1.50
2012.02.13 17:09:51.031,0.64693,0.64709,1.50,1.50
2012.02.13 17:09:52.667,0.64694,0.6471,1.50,1.50
2012.02.13 17:09:55.687,0.64693,0.64709,1.50,1.50
2012.02.13 17:09:56.334,0.64693,0.64708,1.50,1.50
2012.02.13 17:09:56.753,0.64694,0.6471,1.50,1.50
2012.02.13 17:09:57.885,0.64693,0.64709,1.50,1.50
2012.02.13 17:09:59.963,0.64694,0.6471,1.50,1.50
2012.02.13 17:10:01.026,0.64693,0.64708,1.50,1.50
2012.02.13 17:10:05.874,0.64694,0.64712,1.50,1.50
2012.02.13 17:10:07.236,0.64695,0.64712,1.50,1.50
2012.02.13 17:10:07.860,0.64694,0.64712,1.50,1.50
2012.02.13 17:10:09.073,0.64695,0.64712,1.50,1.50
2012.02.13 17:10:09.612,0.64694,0.64712,1.50,1.50
2012.02.13 17:10:10.124,0.64695,0.64712,1.50,1.50
2012.02.13 17:10:10.634,0.64695,0.64711,1.50,1.50
2012.02.13 17:10:11.155,0.64696,0.64711,1.50,1.50
2012.02.13 17:10:11.225,0.64696,0.64713,1.50,1.50
2012.02.13 17:10:17.896,0.64695,0.64712,3.00,1.50
2012.02.13 17:10:18.668,0.64695,0.64711,1.50,1.50
2012.02.13 17:10:20.101,0.64695,0.64712,1.50,1.50
2012.02.13 17:10:20.834,0.64694,0.6471,1.50,1.50
2012.02.13 17:10:20.905,0.64695,0.64712,1.50,1.50
2012.02.13 17:10:21.636,0.64696,0.64713,1.50,1.50
2012.02.13 17:10:22.576,0.64695,0.64712,1.50,1.50
2012.02.13 17:10:23.085,0.64695,0.64711,1.50,1.50
2012.02.13 17:10:24.902,0.64696,0.64711,1.50,1.50
2012.02.13 17:10:26.932,0.64694,0.64712,1.50,1.50
2012.02.13 17:10:29.011,0.64695,0.64712,1.50,1.50
2012.02.13 17:10:30.869,0.64695,0.64711,1.50,1.50
2012.02.13 17:10:31.055,0.64693,0.64708,1.50,1.50
2012.02.13 17:10:31.700,0.64692,0.64707,1.50,1.50
2012.02.13 17:10:32.206,0.64693,0.6471,1.50,1.50
2012.02.13 17:10:39.098,0.64694,0.64712,1.50,3.00
2012.02.13 17:10:40.784,0.64693,0.64708,1.50,1.50
2012.02.13 17:10:40.852,0.64691,0.64708,1.50,1.50
2012.02.13 17:10:41.376,0.64692,0.64709,1.50,3.00
2012.02.13 17:10:41.502,0.64692,0.64707,1.50,1.50
2012.02.13 17:10:42.163,0.64693,0.64708,1.50,1.50
2012.02.13 17:10:42.687,0.64695,0.64711,1.50,1.50
2012.02.13 17:10:44.875,0.64694,0.64712,1.50,4.28
2012.02.13 17:10:46.962,0.64694,0.64712,1.50,4.28
2012.02.13 17:10:47.182,0.64694,0.64712,1.50,4.28
2012.02.13 17:10:50.494,0.64694,0.64712,1.50,4.28
2012.02.13 17:10:51.529,0.64694,0.64712,1.50,4.28
2012.02.13 17:10:52.333,0.64694,0.64712,1.50,4.28
2012.02.13 17:10:53.042,0.64694,0.64712,1.50,4.28
2012.02.13 17:10:53.737,0.64695,0.64712,1.50,4.28
2012.02.13 17:10:54.090,0.64694,0.64709,1.50,1.50
2012.02.13 17:11:01.332,0.64696,0.64711,1.50,1.50
2012.02.13 17:11:06.334,0.64694,0.64708,1.50,1.50
2012.02.13 17:11:06.916,0.64693,0.64708,1.50,1.50
2012.02.13 17:11:08.552,0.64694,0.64712,1.50,4.28
2012.02.13 17:11:10.212,0.64694,0.64712,1.50,4.28
2012.02.13 17:11:12.329,0.64694,0.64712,1.50,1.50
2012.02.13 17:11:24.674,0.64693,0.64709,1.50,1.50
2012.02.13 17:11:25.291,0.64692,0.64709,1.50,1.50
2012.02.13 17:11:30.744,0.64695,0.6471,1.50,1.50
2012.02.13 17:11:31.517,0.64695,0.64711,1.50,1.50
2012.02.13 17:11:32.872,0.64696,0.64711,1.50,1.50
2012.02.13 17:11:37.764,0.64695,0.64712,1.50,1.50
2012.02.13 17:11:44.944,0.64694,0.6471,1.50,1.50
2012.02.13 17:11:45.012,0.64692,0.6471,1.50,1.50
2012.02.13 17:11:45.574,0.64696,0.64711,1.50,3.00
2012.02.13 17:11:46.384,0.64696,0.64713,1.50,1.50
2012.02.13 17:11:48.332,0.64695,0.64712,1.50,1.50
2012.02.13 17:11:48.807,0.64693,0.6471,1.50,1.50
2012.02.13 17:11:49.115,0.6469,0.64708,1.50,1.50
2012.02.13 17:11:49.783,0.64692,0.64707,1.50,1.50
2012.02.13 17:11:50.347,0.64693,0.64708,1.50,1.50
2012.02.13 17:11:50.473,0.64691,0.64708,1.50,1.50
2012.02.13 17:11:51.014,0.64691,0.64707,1.50,1.50
2012.02.13 17:11:55.554,0.64689,0.64702,1.50,1.50
2012.02.13 17:11:55.683,0.64687,0.64702,1.50,1.50
2012.02.13 17:11:55.753,0.64684,0.647,1.50,1.50
2012.02.13 17:11:55.822,0.64682,0.647,2.25,1.50
2012.02.13 17:11:55.953,0.64683,0.64698,1.50,1.50
2012.02.13 17:11:56.144,0.64681,0.64697,2.25,1.50
2012.02.13 17:11:57.294,0.6468,0.64695,1.50,1.50
2012.02.13 17:11:57.890,0.64679,0.64696,1.50,1.50
2012.02.13 17:11:59.954,0.64679,0.64694,1.50,1.50
2012.02.13 17:12:00.939,0.64677,0.64695,2.25,1.50
2012.02.13 17:12:01.647,0.64677,0.64692,1.50,1.50
2012.02.13 17:12:02.211,0.64676,0.64691,1.50,1.50
2012.02.13 17:12:05.714,0.64674,0.64691,1.50,1.50
2012.02.13 17:12:06.308,0.64672,0.6469,2.25,1.50
2012.02.13 17:12:06.527,0.64675,0.6469,1.50,1.50
2012.02.13 17:12:06.982,0.64673,0.64689,1.50,1.50
2012.02.13 17:12:07.293,0.64669,0.64687,2.25,1.50
2012.02.13 17:12:07.602,0.64669,0.64685,2.25,1.50
2012.02.13 17:12:07.677,0.64669,0.64687,2.25,1.50
2012.02.13 17:12:08.213,0.6467,0.64685,2.25,1.50
2012.02.13 17:12:08.734,0.6467,0.64685,1.50,1.50
2012.02.13 17:12:09.111,0.64668,0.64685,3.00,1.50
2012.02.13 17:12:09.363,0.64668,0.64685,3.75,1.50
2012.02.13 17:12:09.870,0.64669,0.64686,2.25,1.50
2012.02.13 17:12:10.934,0.64669,0.64687,2.25,1.50
2012.02.13 17:12:11.907,0.64669,0.64687,1.50,1.50
2012.02.13 17:12:13.716,0.6467,0.64685,1.50,1.50
2012.02.13 17:12:14.052,0.64669,0.64687,1.50,1.50
2012.02.13 17:12:15.735,0.64669,0.64687,2.25,1.50
2012.02.13 17:12:16.055,0.64673,0.64688,1.50,1.50
2012.02.13 17:12:24.026,0.64669,0.64687,1.50,1.50
2012.02.13 17:12:24.777,0.64668,0.64683,3.00,1.50
2012.02.13 17:12:39.547,0.6467,0.64685,1.50,3.00
2012.02.13 17:12:40.067,0.64669,0.64686,1.50,1.50
2012.02.13 17:12:41.515,0.64668,0.64685,1.50,1.50
2012.02.13 17:12:42.162,0.6467,0.64685,1.50,1.50
2012.02.13 17:12:42.702,0.6467,0.64686,1.50,1.50
2012.02.13 17:12:51.154,0.6467,0.64686,2.25,1.50
2012.02.13 17:12:51.543,0.64673,0.64688,1.50,1.50
2012.02.13 17:12:57.126,0.64674,0.6469,1.50,1.50
2012.02.13 17:12:57.318,0.64674,0.6469,2.25,1.50
2012.02.13 17:12:57.511,0.64676,0.64694,2.25,1.50
2012.02.13 17:12:59.051,0.64675,0.6469,3.00,1.50
2012.02.13 17:13:00.172,0.64675,0.6469,2.25,1.50
2012.02.13 17:13:05.676,0.64675,0.6469,1.50,1.50
2012.02.13 17:13:06.401,0.64675,0.6469,2.25,1.50
2012.02.13 17:13:07.769,0.64675,0.6469,1.50,1.50
2012.02.13 17:13:07.991,0.64675,0.6469,2.25,1.50
2012.02.13 17:13:08.057,0.64675,0.6469,1.50,1.50
2012.02.13 17:13:14.145,0.64675,0.6469,2.25,1.50
2012.02.13 17:13:14.569,0.64675,0.6469,1.50,1.50
2012.02.13 17:13:15.086,0.64675,0.6469,2.25,1.50
2012.02.13 17:13:15.645,0.64675,0.6469,1.50,1.50
2012.02.13 17:13:15.715,0.64675,0.6469,2.25,1.50
2012.02.13 17:13:15.783,0.64675,0.6469,1.50,1.50
2012.02.13 17:13:20.026,0.64672,0.64688,1.50,1.50
2012.02.13 17:13:21.512,0.64672,0.64688,2.25,1.50
2012.02.13 17:13:21.756,0.64672,0.6469,2.25,3.00
2012.02.13 17:13:22.565,0.64671,0.64689,2.25,1.50
2012.02.13 17:13:24.373,0.64673,0.64689,1.50,1.50
2012.02.13 17:13:25.491,0.64672,0.64688,2.25,1.50
2012.02.13 17:13:26.003,0.64672,0.64687,2.25,1.50
2012.02.13 17:13:45.495,0.64672,0.64687,2.25,1.50
2012.02.13 17:13:45.626,0.64673,0.6469,2.25,3.00
2012.02.13 17:13:45.757,0.64673,0.6469,1.50,3.00
2012.02.13 17:13:47.044,0.64673,0.6469,2.25,1.50
2012.02.13 17:13:47.843,0.64673,0.6469,1.50,1.50
2012.02.13 17:13:48.747,0.64672,0.64687,1.50,1.50
2012.02.13 17:13:48.873,0.64669,0.64687,1.50,1.50
2012.02.13 17:13:51.701,0.64669,0.64687,2.25,1.50
2012.02.13 17:13:52.114,0.64675,0.6469,1.50,1.50
2012.02.13 17:13:52.413,0.64669,0.64687,1.50,1.50
2012.02.13 17:13:52.482,0.64669,0.64687,2.25,1.50
2012.02.13 17:13:52.922,0.64671,0.64689,2.25,1.50
2012.02.13 17:13:53.762,0.64671,0.64689,2.25,1.50
2012.02.13 17:13:53.953,0.64674,0.64691,2.25,1.50
2012.02.13 17:14:07.513,0.64675,0.6469,2.25,1.50
2012.02.13 17:14:10.062,0.64677,0.64693,1.50,3.00
2012.02.13 17:14:10.676,0.64678,0.64693,1.50,1.50
2012.02.13 17:14:11.567,0.64677,0.64694,2.25,1.50
2012.02.13 17:14:12.345,0.64679,0.64696,1.50,1.50
2012.02.13 17:14:12.785,0.64679,0.64696,2.25,1.50
2012.02.13 17:14:12.914,0.64679,0.64696,1.50,1.50
2012.02.13 17:14:36.157,0.64679,0.64696,2.25,1.50
2012.02.13 17:14:36.377,0.64679,0.64696,1.50,1.50
2012.02.13 17:15:13.732,0.64673,0.64702,3.00,5.10
2012.02.13 17:15:17.932,0.64677,0.64693,1.50,1.50
2012.02.13 17:15:28.560,0.64678,0.64693,1.50,1.50
2012.02.13 17:15:31.647,0.64677,0.64693,1.50,1.50
2012.02.13 17:15:32.163,0.64677,0.64694,4.50,1.50
2012.02.13 17:15:32.490,0.6468,0.64696,1.50,1.50
2012.02.13 17:15:38.053,0.64679,0.64697,1.50,1.50
2012.02.13 17:15:41.822,0.64679,0.64695,1.50,1.50
2012.02.13 17:15:44.003,0.6468,0.64696,1.50,1.50
2012.02.13 17:15:50.918,0.64678,0.64696,3.75,1.50
2012.02.13 17:15:58.705,0.64682,0.64697,1.50,1.50
2012.02.13 17:15:58.773,0.64682,0.647,1.50,1.50
2012.02.13 17:15:58.846,0.64685,0.64701,1.50,2.25
2012.02.13 17:15:59.252,0.64685,0.64703,1.50,3.75
2012.02.13 17:16:00.400,0.64685,0.64703,2.25,3.75
2012.02.13 17:16:00.648,0.64684,0.64702,1.50,1.50
2012.02.13 17:16:01.210,0.64685,0.647,1.50,1.50
2012.02.13 17:16:01.287,0.64685,0.64703,1.50,5.25
2012.02.13 17:16:02.033,0.64687,0.64702,1.50,1.50
2012.02.13 17:16:02.596,0.64686,0.64703,1.50,3.75
2012.02.13 17:16:03.198,0.64685,0.64703,1.50,3.75
2012.02.13 17:16:05.150,0.64684,0.64702,3.00,1.50
2012.02.13 17:16:06.934,0.64685,0.64702,1.50,1.50
2012.02.13 17:16:07.602,0.64688,0.64703,1.50,1.50
2012.02.13 17:16:08.982,0.64687,0.64703,1.50,1.50
2012.02.13 17:16:11.008,0.64688,0.64703,1.50,1.50
2012.02.13 17:16:11.075,0.64688,0.64705,1.50,1.50
2012.02.13 17:16:13.070,0.64687,0.64704,1.50,1.50
2012.02.13 17:16:14.216,0.64687,0.64703,1.50,1.50
2012.02.13 17:16:15.203,0.64687,0.64704,1.50,1.50
2012.02.13 17:16:17.002,0.64687,0.64703,1.50,1.50
2012.02.13 17:16:22.190,0.64687,0.64704,1.50,1.50
2012.02.13 17:16:23.031,0.64689,0.64704,1.50,1.50
2012.02.13 17:16:24.487,0.64687,0.64704,1.50,1.50
2012.02.13 17:16:28.933,0.64686,0.64703,1.50,1.50
2012.02.13 17:16:31.013,0.64688,0.64703,1.50,1.50
2012.02.13 17:16:34.756,0.64696,0.64712,1.50,3.00
2012.02.13 17:16:35.055,0.64693,0.6471,1.50,1.50
2012.02.13 17:16:35.182,0.64693,0.64708,1.50,1.50
2012.02.13 17:16:35.251,0.6469,0.64706,1.50,1.50
2012.02.13 17:16:35.811,0.6469,0.64707,1.50,1.50
2012.02.13 17:16:36.443,0.64692,0.64707,2.25,1.50
2012.02.13 17:16:39.570,0.64694,0.64709,1.50,1.50
2012.02.13 17:16:39.899,0.64696,0.64711,1.50,1.50
2012.02.13 17:16:40.673,0.64695,0.6471,1.50,1.50
2012.02.13 17:17:10.873,0.64695,0.64712,1.50,3.75
2012.02.13 17:17:11.381,0.64695,0.6471,1.50,1.50
2012.02.13 17:17:12.423,0.64696,0.64711,1.50,1.50
2012.02.13 17:17:12.494,0.64693,0.6471,1.50,1.50
2012.02.13 17:17:17.994,0.64693,0.64709,1.50,1.50
2012.02.13 17:17:18.704,0.64692,0.64708,1.50,1.50
2012.02.13 17:17:18.779,0.6469,0.64706,3.75,1.50
2012.02.13 17:17:21.803,0.64693,0.64708,1.50,1.50
2012.02.13 17:17:24.150,0.64694,0.64711,1.50,1.50
2012.02.13 17:18:22.791,0.64696,0.64714,1.50,1.50
2012.02.13 17:18:27.412,0.64698,0.64714,2.25,1.50
2012.02.13 17:18:27.720,0.64696,0.64714,1.50,2.25
2012.02.13 17:18:31.684,0.64694,0.64711,1.50,2.25
2012.02.13 17:18:31.904,0.64694,0.64711,1.50,1.50
2012.02.13 17:18:33.695,0.64694,0.64711,1.50,2.25
2012.02.13 17:18:33.921,0.64694,0.64711,1.50,1.50
2012.02.13 17:18:44.961,0.64694,0.64711,1.50,2.25
2012.02.13 17:18:45.391,0.64692,0.64708,1.50,2.25
2012.02.13 17:18:53.872,0.64694,0.6471,1.50,2.25
2012.02.13 17:19:16.524,0.64693,0.64709,1.50,2.25
2012.02.13 17:19:21.321,0.64692,0.6471,1.50,2.25
2012.02.13 17:19:27.457,0.64694,0.64709,1.50,2.25
2012.02.13 17:19:34.010,0.64693,0.6471,1.50,2.25
2012.02.13 17:19:35.250,0.64693,0.6471,1.50,1.50
2012.02.13 17:19:35.312,0.64695,0.64713,1.50,3.75
2012.02.13 17:19:35.380,0.64699,0.64713,1.50,2.25
2012.02.13 17:19:35.830,0.64696,0.64712,1.50,1.50
2012.02.13 17:19:38.005,0.64698,0.64712,1.50,2.25
2012.02.13 17:19:38.462,0.64698,0.64716,1.50,1.50
2012.02.13 17:19:39.079,0.64698,0.64712,1.50,2.25
2012.02.13 17:19:39.604,0.64699,0.64715,1.50,1.50
2012.02.13 17:19:40.523,0.64699,0.64714,1.50,1.50
2012.02.13 17:19:40.592,0.64695,0.64713,1.50,1.50
2012.02.13 17:19:41.151,0.64695,0.64712,1.50,2.25
2012.02.13 17:19:44.512,0.64698,0.64712,1.50,2.25
2012.02.13 17:19:44.886,0.64698,0.64716,1.50,1.50
2012.02.13 17:19:46.983,0.64701,0.64717,1.50,1.50
2012.02.13 17:19:47.658,0.64701,0.64718,1.50,1.50
2012.02.13 17:19:58.482,0.64704,0.64719,1.50,1.50
2012.02.13 17:19:59.041,0.64702,0.64717,1.50,1.50
2012.02.13 17:20:07.226,0.64703,0.64717,1.50,1.50
2012.02.13 17:20:07.298,0.64706,0.64721,1.50,1.50
2012.02.13 17:20:07.543,0.64704,0.6472,1.50,1.50
2012.02.13 17:20:08.665,0.64705,0.6472,1.50,1.50
2012.02.13 17:20:09.766,0.64707,0.64723,1.50,1.50
2012.02.13 17:20:14.610,0.64709,0.64723,1.50,1.50
2012.02.13 17:20:14.683,0.64709,0.64725,3.00,1.50
2012.02.13 17:20:15.219,0.64712,0.64727,1.50,1.50
2012.02.13 17:20:15.286,0.64713,0.64729,1.50,1.50
2012.02.13 17:20:16.984,0.64711,0.64726,1.50,1.50
2012.02.13 17:20:17.118,0.64711,0.64728,1.50,1.50
2012.02.13 17:20:18.023,0.64712,0.64727,1.50,1.50
2012.02.13 17:20:18.804,0.64713,0.64728,1.50,1.50
2012.02.13 17:20:19.559,0.64714,0.64731,1.50,2.25
2012.02.13 17:20:24.101,0.64711,0.64728,1.50,1.50
2012.02.13 17:20:25.550,0.64712,0.64729,1.50,2.25
2012.02.13 17:20:28.281,0.64711,0.64728,1.50,1.50
2012.02.13 17:20:28.401,0.64709,0.64727,1.50,1.50
2012.02.13 17:20:29.486,0.64712,0.64729,1.50,2.25
2012.02.13 17:20:29.864,0.64712,0.64727,1.50,1.50
2012.02.13 17:20:29.932,0.64712,0.64729,1.50,3.75
2012.02.13 17:20:30.842,0.64712,0.64728,1.50,1.50
2012.02.13 17:20:30.912,0.64711,0.64726,1.50,1.50
2012.02.13 17:20:31.102,0.64712,0.64729,1.50,1.50
2012.02.13 17:20:31.296,0.64711,0.64725,1.50,1.50
2012.02.13 17:20:31.616,0.64706,0.64724,1.50,1.50
2012.02.13 17:20:31.866,0.64706,0.6472,1.50,1.50
2012.02.13 17:20:32.185,0.64701,0.64719,1.50,1.50
2012.02.13 17:20:35.783,0.647,0.64716,1.50,1.50
2012.02.13 17:20:38.113,0.64704,0.64718,1.50,1.50
2012.02.13 17:20:38.503,0.64704,0.6472,1.50,1.50
2012.02.13 17:20:38.575,0.64701,0.64718,1.50,1.50
2012.02.13 17:20:42.673,0.64703,0.64718,1.50,1.50
2012.02.13 17:20:44.554,0.64703,0.64718,3.60,1.50
2012.02.13 17:20:44.684,0.64713,0.64729,1.50,2.25
2012.02.13 17:20:45.514,0.64713,0.64729,1.50,2.25
2012.02.13 17:20:45.591,0.64708,0.64725,5.25,2.25
2012.02.13 17:20:46.307,0.64707,0.64723,1.50,1.50
2012.02.13 17:20:46.695,0.64709,0.64725,1.50,1.50
2012.02.13 17:20:46.764,0.64709,0.64727,1.50,1.50
2012.02.13 17:20:47.073,0.64707,0.64724,1.50,1.50
2012.02.13 17:20:47.402,0.64709,0.64724,1.50,1.50
2012.02.13 17:20:47.477,0.64706,0.64724,1.50,1.50
2012.02.13 17:20:48.183,0.64713,0.64725,1.50,1.50
2012.02.13 17:20:48.260,0.64713,0.64729,1.50,2.25
2012.02.13 17:20:48.735,0.64713,0.64727,1.50,1.50
2012.02.13 17:20:48.804,0.64709,0.64724,1.50,1.50
2012.02.13 17:20:49.354,0.64707,0.64724,1.50,1.50
2012.02.13 17:20:49.493,0.64709,0.64724,1.50,1.50
2012.02.13 17:20:50.541,0.64708,0.64723,1.50,1.50
2012.02.13 17:20:52.742,0.64707,0.64723,1.50,1.50
2012.02.13 17:20:55.595,0.64708,0.64725,1.50,3.00
2012.02.13 17:20:57.010,0.64707,0.64724,1.50,1.50
2012.02.13 17:20:58.404,0.6471,0.64724,1.50,1.50
2012.02.13 17:20:58.474,0.64712,0.6473,1.50,2.78
2012.02.13 17:20:58.843,0.6471,0.64726,1.50,1.50
2012.02.13 17:20:59.033,0.64707,0.64724,1.50,1.50
2012.02.13 17:20:59.881,0.64708,0.64725,1.50,1.50
2012.02.13 17:21:00.209,0.64708,0.64723,1.50,1.50
2012.02.13 17:21:04.666,0.64711,0.64723,1.50,1.50
2012.02.13 17:21:04.738,0.64712,0.6473,1.50,2.25
2012.02.13 17:21:05.081,0.6471,0.64728,1.50,2.25
2012.02.13 17:21:05.155,0.64707,0.64723,1.50,1.50
2012.02.13 17:21:07.481,0.6471,0.64723,1.50,1.50
2012.02.13 17:21:07.556,0.64713,0.64729,1.50,2.25
2012.02.13 17:21:08.327,0.6471,0.64728,1.50,2.25
2012.02.13 17:21:08.392,0.64708,0.64724,2.25,1.50
2012.02.13 17:21:09.048,0.64707,0.64724,1.50,1.50
2012.02.13 17:21:10.703,0.64713,0.64729,1.50,2.25
2012.02.13 17:21:11.312,0.64707,0.64724,1.50,1.50
2012.02.13 17:21:13.664,0.64709,0.64724,1.50,1.50
2012.02.13 17:21:16.262,0.64708,0.64723,1.50,1.50
2012.02.13 17:21:29.404,0.64712,0.6473,1.50,2.25
2012.02.13 17:21:30.186,0.64712,0.6473,1.50,1.50
2012.02.13 17:21:31.976,0.64716,0.64731,1.50,1.50
2012.02.13 17:21:32.354,0.64719,0.64733,1.50,1.28
2012.02.13 17:21:32.552,0.64716,0.64732,1.50,2.25
2012.02.13 17:21:34.722,0.64716,0.64732,1.50,3.53
2012.02.13 17:21:34.880,0.64716,0.64732,1.50,2.78
2012.02.13 17:21:38.722,0.6472,0.64732,1.50,2.78
2012.02.13 17:21:38.911,0.6472,0.64738,1.50,2.25
2012.02.13 17:21:39.873,0.6472,0.64738,1.50,2.25
2012.02.13 17:21:40.234,0.64719,0.64732,1.50,2.25
2012.02.13 17:21:40.502,0.64716,0.64732,1.50,2.25
2012.02.13 17:21:42.195,0.64713,0.64731,1.50,2.25
2012.02.13 17:21:42.406,0.64713,0.64731,1.50,1.50
2012.02.13 17:21:46.740,0.64717,0.64732,1.50,5.25
2012.02.13 17:21:49.553,0.64713,0.64731,1.50,1.50
2012.02.13 17:22:06.451,0.64713,0.64731,1.50,2.25
2012.02.13 17:22:07.181,0.64711,0.64727,1.50,1.50
2012.02.13 17:22:07.368,0.64709,0.64727,1.50,1.50
2012.02.13 17:22:07.597,0.64707,0.64724,1.50,1.50
2012.02.13 17:22:08.300,0.64708,0.64725,1.50,1.50
2012.02.13 17:22:09.581,0.64709,0.64726,1.50,3.00
2012.02.13 17:22:10.243,0.64708,0.64725,1.50,1.50
2012.02.13 17:22:10.760,0.64709,0.64726,1.50,1.50
2012.02.13 17:22:11.945,0.64709,0.64726,1.50,2.25
2012.02.13 17:22:12.615,0.64709,0.64724,1.50,2.25
2012.02.13 17:22:13.201,0.64709,0.64724,1.50,2.25
2012.02.13 17:22:14.172,0.64713,0.64725,1.50,2.25
2012.02.13 17:22:14.655,0.64707,0.64724,1.50,2.25
2012.02.13 17:22:15.734,0.64711,0.64724,1.50,1.50
2012.02.13 17:22:16.029,0.64709,0.64724,1.50,1.50
2012.02.13 17:22:16.164,0.64706,0.64724,1.50,2.25
2012.02.13 17:22:16.910,0.64706,0.64724,1.50,1.50
2012.02.13 17:22:17.256,0.64708,0.64724,2.25,1.50
2012.02.13 17:22:17.789,0.64713,0.64724,1.50,1.50
2012.02.13 17:22:17.858,0.64716,0.64731,1.50,1.50
2012.02.13 17:22:17.983,0.64716,0.64731,1.50,2.25
2012.02.13 17:22:18.053,0.64713,0.64729,1.50,2.25
2012.02.13 17:22:20.356,0.64713,0.64729,1.50,1.50
2012.02.13 17:22:20.735,0.64715,0.64729,1.50,1.50
2012.02.13 17:22:21.055,0.64717,0.64732,1.50,2.25
2012.02.13 17:22:21.933,0.64716,0.64732,1.50,2.25
2012.02.13 17:22:22.206,0.64718,0.64734,2.25,2.25
2012.02.13 17:22:22.513,0.64722,0.6474,1.50,2.25
2012.02.13 17:22:22.820,0.6472,0.64736,1.50,1.50
2012.02.13 17:22:23.282,0.64718,0.64733,3.00,1.50
2012.02.13 17:22:24.056,0.64719,0.64737,1.50,1.50
2012.02.13 17:22:28.424,0.64718,0.64735,1.50,1.50
2012.02.13 17:22:28.525,0.64717,0.64732,1.50,1.50
2012.02.13 17:22:30.492,0.6472,0.64734,1.50,1.50
2012.02.13 17:22:31.042,0.6472,0.64735,1.50,1.50
2012.02.13 17:22:31.232,0.64717,0.64733,1.50,1.50
2012.02.13 17:22:34.562,0.64719,0.64733,1.50,2.25
2012.02.13 17:22:34.632,0.64719,0.64736,1.50,1.50
2012.02.13 17:22:35.036,0.64718,0.64734,3.75,1.50
2012.02.13 17:22:35.107,0.64716,0.64734,1.50,1.50
2012.02.13 17:22:35.306,0.64718,0.64734,1.50,1.50
2012.02.13 17:22:36.438,0.64716,0.64734,1.50,1.50
2012.02.13 17:22:38.131,0.64717,0.64735,1.50,1.50
2012.02.13 17:22:40.436,0.64716,0.64734,1.50,1.50
2012.02.13 17:22:40.561,0.64718,0.64734,1.50,1.50
2012.02.13 17:22:41.635,0.64716,0.64734,1.50,1.50
2012.02.13 17:22:42.433,0.64717,0.64735,1.50,1.50
2012.02.13 17:22:43.113,0.64717,0.64733,1.50,2.25
2012.02.13 17:22:43.453,0.6471,0.64725,1.50,1.50
2012.02.13 17:22:43.772,0.64713,0.64728,1.50,1.50
2012.02.13 17:22:44.726,0.64712,0.64727,1.50,1.50
2012.02.13 17:22:45.693,0.64712,0.64726,1.50,1.50
2012.02.13 17:22:45.772,0.64708,0.64723,1.50,1.50
2012.02.13 17:22:46.463,0.6471,0.64726,1.50,3.00
2012.02.13 17:22:46.592,0.64713,0.64729,1.50,1.50
2012.02.13 17:22:48.044,0.64711,0.64726,1.50,1.50
2012.02.13 17:22:48.576,0.64708,0.64723,1.50,1.50
2012.02.13 17:22:50.102,0.64707,0.64723,1.50,1.50
2012.02.13 17:22:50.814,0.64709,0.64727,1.50,1.50
2012.02.13 17:22:51.000,0.64713,0.64728,1.50,1.50
2012.02.13 17:22:51.574,0.6471,0.64726,1.50,1.50
2012.02.13 17:22:51.891,0.64707,0.64724,3.75,1.50
2012.02.13 17:22:52.544,0.64706,0.64724,1.50,1.50
2012.02.13 17:22:52.714,0.64708,0.64723,1.50,1.50
2012.02.13 17:22:53.244,0.64706,0.64724,1.50,1.50
2012.02.13 17:22:53.841,0.64705,0.64723,1.50,1.50
2012.02.13 17:22:54.245,0.64709,0.64726,1.50,1.50
2012.02.13 17:22:54.592,0.64712,0.64729,1.50,1.50
2012.02.13 17:22:55.042,0.64709,0.64727,1.50,1.50
2012.02.13 17:22:55.111,0.64707,0.64724,1.50,1.50
2012.02.13 17:22:55.547,0.64706,0.64722,1.50,1.50
2012.02.13 17:22:56.152,0.64707,0.64723,1.50,3.00
2012.02.13 17:22:56.225,0.64705,0.64722,1.50,1.50
2012.02.13 17:22:58.473,0.64704,0.64719,1.50,1.50
2012.02.13 17:22:58.543,0.64701,0.64719,1.50,1.50
2012.02.13 17:22:58.616,0.647,0.64716,1.50,1.50
2012.02.13 17:23:00.225,0.64703,0.64718,1.50,1.50
2012.02.13 17:23:00.533,0.64705,0.6472,1.50,1.50
2012.02.13 17:23:00.902,0.64703,0.64719,1.50,1.50
2012.02.13 17:23:03.512,0.64703,0.6472,1.50,1.50
2012.02.13 17:23:07.072,0.64702,0.6472,1.50,1.50
2012.02.13 17:23:07.686,0.64701,0.64719,1.50,1.50
2012.02.13 17:23:07.911,0.64703,0.64719,1.50,1.50
2012.02.13 17:23:08.656,0.64702,0.6472,1.50,3.00
2012.02.13 17:23:09.475,0.64701,0.64719,1.50,1.50
2012.02.13 17:23:10.322,0.64702,0.6472,1.50,1.50
2012.02.13 17:23:10.868,0.64705,0.64723,1.50,3.75
2012.02.13 17:23:11.172,0.64708,0.64725,1.50,1.50
2012.02.13 17:23:12.351,0.64708,0.64723,3.75,1.50
2012.02.13 17:23:12.664,0.64705,0.64722,1.50,1.50
2012.02.13 17:23:14.153,0.64706,0.64723,1.50,3.75
2012.02.13 17:23:14.901,0.64707,0.64722,1.50,1.50
2012.02.13 17:23:17.700,0.64705,0.6472,1.50,1.50
2012.02.13 17:23:17.765,0.64703,0.6472,1.50,1.50
2012.02.13 17:23:18.032,0.64705,0.64722,1.50,3.00
2012.02.13 17:23:24.611,0.64707,0.64723,1.50,5.25
2012.02.13 17:23:25.538,0.64707,0.64722,1.50,1.50
2012.02.13 17:23:26.126,0.64707,0.64723,1.50,3.75
2012.02.13 17:23:26.700,0.64708,0.64723,1.50,2.25
2012.02.13 17:23:27.364,0.64707,0.64723,1.50,3.75
2012.02.13 17:23:29.092,0.64706,0.64723,1.50,3.75
2012.02.13 17:23:30.027,0.64707,0.64723,1.50,3.75
2012.02.13 17:23:30.866,0.6471,0.64728,1.50,1.50
2012.02.13 17:23:30.993,0.6471,0.64725,1.50,1.50
2012.02.13 17:23:31.573,0.6471,0.64723,1.50,2.25
2012.02.13 17:23:34.760,0.6471,0.64725,1.50,1.50
2012.02.13 17:23:34.828,0.64711,0.64727,1.50,1.50
2012.02.13 17:23:34.894,0.64713,0.64728,1.50,1.50
2012.02.13 17:23:36.011,0.64711,0.64727,1.50,1.50
2012.02.13 17:23:36.292,0.64707,0.64725,1.50,1.50
2012.02.13 17:23:36.361,0.64707,0.64722,1.50,2.25
2012.02.13 17:23:43.602,0.64708,0.64725,1.50,1.50
2012.02.13 17:23:43.671,0.6471,0.64728,1.50,1.50
2012.02.13 17:23:44.365,0.64711,0.64729,1.50,1.50
2012.02.13 17:23:44.565,0.64711,0.64727,1.50,1.50
2012.02.13 17:23:45.403,0.6471,0.64726,1.50,1.50
2012.02.13 17:23:45.744,0.64707,0.64722,1.50,2.25
2012.02.13 17:23:47.592,0.64709,0.64722,1.50,2.25
2012.02.13 17:23:47.660,0.64709,0.64725,1.50,1.50
2012.02.13 17:23:48.020,0.6471,0.64728,1.50,1.50
2012.02.13 17:23:48.236,0.6471,0.64726,1.50,1.50
2012.02.13 17:23:48.563,0.6471,0.64728,1.50,1.50
2012.02.13 17:23:49.284,0.64709,0.64727,1.50,1.50
2012.02.13 17:23:49.545,0.64708,0.64724,1.50,1.50
2012.02.13 17:23:49.879,0.64708,0.64722,1.50,2.25
2012.02.13 17:23:50.131,0.64706,0.64722,1.50,2.25
2012.02.13 17:23:50.408,0.64708,0.64722,1.50,2.25
2012.02.13 17:23:52.094,0.64708,0.64724,3.00,1.50
2012.02.13 17:23:52.305,0.64711,0.64727,1.50,1.50
2012.02.13 17:23:52.931,0.6471,0.64726,1.50,1.50
2012.02.13 17:23:53.606,0.64708,0.64725,1.50,1.50
2012.02.13 17:23:53.944,0.64706,0.64722,1.50,2.25
2012.02.13 17:23:54.351,0.64708,0.64722,1.50,2.25
2012.02.13 17:23:56.053,0.6471,0.64726,1.50,3.00
2012.02.13 17:23:57.766,0.64706,0.64724,1.50,1.50
2012.02.13 17:23:58.312,0.64706,0.64723,1.50,2.25
2012.02.13 17:23:58.383,0.64708,0.64723,1.50,2.25
2012.02.13 17:24:01.247,0.64709,0.64723,1.50,2.25
2012.02.13 17:24:01.311,0.64709,0.64727,1.50,1.50
2012.02.13 17:24:01.385,0.64711,0.64727,1.50,1.50
2012.02.13 17:24:01.707,0.64709,0.64727,1.50,1.50
2012.02.13 17:24:03.145,0.64708,0.64724,1.50,1.50
2012.02.13 17:24:03.584,0.64706,0.64723,1.50,2.25
2012.02.13 17:24:04.173,0.64708,0.64723,1.50,2.25
2012.02.13 17:24:05.308,0.64709,0.64724,1.50,1.50
2012.02.13 17:24:05.544,0.64711,0.64727,1.50,1.50
2012.02.13 17:24:06.148,0.6471,0.64726,1.50,1.50
2012.02.13 17:24:07.187,0.64707,0.64723,1.50,1.50
2012.02.13 17:24:07.252,0.64707,0.64725,1.50,1.50
2012.02.13 17:24:07.325,0.64707,0.64723,1.50,2.25
2012.02.13 17:24:09.222,0.64707,0.64725,1.50,1.50
2012.02.13 17:24:09.431,0.64709,0.64726,1.50,1.50
2012.02.13 17:24:11.126,0.64709,0.64727,1.50,1.50
2012.02.13 17:24:11.530,0.64706,0.64722,1.50,2.25
2012.02.13 17:24:12.072,0.64708,0.64722,1.50,2.25
2012.02.13 17:24:13.283,0.6471,0.64722,1.50,2.25
2012.02.13 17:24:13.410,0.6471,0.64726,1.50,1.50
2012.02.13 17:24:13.663,0.64712,0.64728,1.50,1.50
2012.02.13 17:24:18.602,0.6471,0.64728,1.50,1.50
2012.02.13 17:24:19.125,0.64711,0.64727,1.50,1.50
2012.02.13 17:24:19.253,0.64711,0.64729,1.50,3.00
2012.02.13 17:24:19.326,0.6471,0.64725,1.50,1.50
2012.02.13 17:24:20.221,0.64711,0.64727,1.50,3.00
2012.02.13 17:24:30.565,0.6471,0.64726,1.50,1.50
2012.02.13 17:24:31.191,0.64711,0.64727,1.50,1.50
2012.02.13 17:24:31.677,0.64709,0.64727,1.50,1.50
2012.02.13 17:24:34.750,0.64709,0.64726,1.50,1.50
2012.02.13 17:24:34.810,0.64707,0.64724,2.25,1.50
2012.02.13 17:24:36.663,0.64707,0.64723,1.50,1.50
2012.02.13 17:24:40.373,0.64709,0.64725,1.50,1.50
2012.02.13 17:24:40.705,0.64711,0.64726,1.50,1.50
2012.02.13 17:24:40.778,0.64712,0.64729,1.50,1.50
2012.02.13 17:24:45.033,0.64715,0.6473,1.50,1.50
2012.02.13 17:24:45.633,0.64716,0.64732,1.50,1.50
2012.02.13 17:24:45.823,0.64716,0.64734,1.50,1.50
2012.02.13 17:24:45.953,0.64716,0.64732,1.50,1.50
2012.02.13 17:24:48.945,0.64716,0.64731,1.50,1.50
2012.02.13 17:24:49.236,0.64715,0.64733,1.50,3.00
2012.02.13 17:24:50.142,0.64715,0.64732,1.50,3.75
2012.02.13 17:24:50.681,0.64715,0.64733,3.00,1.50
2012.02.13 17:24:51.064,0.64716,0.64731,1.50,1.50
2012.02.13 17:25:04.796,0.64715,0.64733,1.50,2.25
2012.02.13 17:25:05.061,0.64714,0.64731,1.50,1.50
2012.02.13 17:25:05.302,0.64715,0.64733,1.50,3.75
2012.02.13 17:25:10.404,0.64717,0.64733,1.50,2.25
2012.02.13 17:25:15.119,0.64716,0.64732,1.50,1.50
2012.02.13 17:25:15.743,0.64715,0.64733,1.50,1.50
2012.02.13 17:25:16.055,0.64715,0.64729,1.50,1.50
2012.02.13 17:25:16.613,0.64714,0.64729,1.50,1.50
2012.02.13 17:25:50.532,0.6471,0.64728,1.50,1.50
2012.02.13 17:25:50.992,0.64713,0.64728,1.50,1.50
2012.02.13 17:25:51.824,0.6471,0.64726,3.00,1.50
2012.02.13 17:25:52.407,0.64709,0.64726,1.50,1.50
2012.02.13 17:25:55.767,0.64707,0.64723,1.50,1.50
2012.02.13 17:25:57.456,0.64706,0.64722,1.50,1.50
2012.02.13 17:25:59.845,0.64707,0.64723,1.50,1.50
2012.02.13 17:26:01.731,0.64706,0.64722,1.50,1.50
2012.02.13 17:26:06.578,0.64707,0.64724,1.50,1.50
2012.02.13 17:26:28.032,0.64705,0.64723,1.50,1.50
2012.02.13 17:26:28.580,0.64706,0.64722,1.50,1.50
2012.02.13 17:26:30.300,0.64707,0.64723,1.50,1.50
2012.02.13 17:26:38.051,0.64706,0.64722,1.50,1.50
2012.02.13 17:26:39.016,0.64706,0.64724,1.50,3.00
2012.02.13 17:26:45.502,0.64709,0.64725,1.50,1.50
2012.02.13 17:26:45.813,0.6471,0.64728,1.50,2.25
2012.02.13 17:26:46.623,0.6471,0.64726,1.50,1.50
2012.02.13 17:26:57.441,0.64707,0.64724,3.00,1.50
2012.02.13 17:27:19.811,0.64709,0.64726,1.50,1.50
2012.02.13 17:27:20.628,0.64709,0.64727,1.50,1.50
2012.02.13 17:27:22.465,0.64709,0.64726,1.50,1.50
2012.02.13 17:27:23.814,0.64707,0.64724,1.50,1.50
2012.02.13 17:27:24.132,0.64703,0.64719,1.50,1.50
2012.02.13 17:27:26.224,0.64702,0.64717,1.50,1.50
2012.02.13 17:27:26.354,0.647,0.64717,1.50,1.50
2012.02.13 17:27:29.106,0.64699,0.64714,1.50,1.50
2012.02.13 17:27:29.980,0.64698,0.64713,2.25,1.50
2012.02.13 17:27:31.673,0.64698,0.64712,2.25,1.50
2012.02.13 17:27:31.777,0.64698,0.64714,2.25,3.00
2012.02.13 17:27:34.486,0.64698,0.64713,3.75,1.50
2012.02.13 17:27:47.116,0.64698,0.64711,2.25,1.50
2012.02.13 17:27:47.561,0.64698,0.64714,2.25,1.50
2012.02.13 17:27:48.541,0.64698,0.64713,3.75,1.50
2012.02.13 17:27:51.755,0.64699,0.64715,1.50,1.50
2012.02.13 17:27:52.453,0.64701,0.64716,1.50,1.50
2012.02.13 17:27:52.903,0.64698,0.64716,3.75,1.50
2012.02.13 17:28:09.621,0.64697,0.64712,1.50,1.50
2012.02.13 17:28:10.173,0.64696,0.64712,2.25,1.50
2012.02.13 17:28:10.768,0.64699,0.64717,1.50,1.50
2012.02.13 17:28:11.374,0.64701,0.64716,1.50,1.50
2012.02.13 17:28:11.704,0.64701,0.64715,1.50,2.85
2012.02.13 17:28:11.772,0.64698,0.64715,3.75,2.85
2012.02.13 17:28:11.842,0.64698,0.64707,2.25,1.50
2012.02.13 17:28:11.912,0.64692,0.64707,2.25,1.50
2012.02.13 17:28:12.102,0.64693,0.64709,1.50,3.00
2012.02.13 17:28:12.655,0.64692,0.6471,1.50,1.50
2012.02.13 17:28:12.854,0.64694,0.64711,1.50,2.10
2012.02.13 17:28:16.463,0.64693,0.64709,1.50,1.50
2012.02.13 17:28:18.025,0.64692,0.64708,1.50,1.50
2012.02.13 17:28:21.972,0.64692,0.64707,1.50,1.50
2012.02.13 17:28:22.347,0.64688,0.64706,1.50,1.50
2012.02.13 17:28:33.507,0.64691,0.64707,1.50,1.50
2012.02.13 17:28:34.186,0.64691,0.64708,1.50,1.50
2012.02.13 17:28:34.431,0.64688,0.64706,1.50,1.50
2012.02.13 17:28:35.227,0.64684,0.64702,3.75,1.50
2012.02.13 17:28:35.792,0.64684,0.64699,2.25,1.50
2012.02.13 17:28:35.924,0.64681,0.64699,2.25,1.50
2012.02.13 17:28:38.273,0.64679,0.64696,2.25,1.50
2012.02.13 17:28:39.016,0.64682,0.64698,1.50,3.00
2012.02.13 17:28:50.786,0.64684,0.647,1.50,1.50
2012.02.13 17:28:51.167,0.64684,0.647,2.25,1.50
2012.02.13 17:28:51.526,0.64688,0.64702,2.25,3.00
2012.02.13 17:29:18.503,0.64688,0.647,2.25,1.50
2012.02.13 17:29:30.442,0.64684,0.647,2.25,1.50
2012.02.13 17:29:31.181,0.64682,0.64698,3.75,1.50
2012.02.13 17:29:31.266,0.64682,0.64698,2.25,1.50
2012.02.13 17:29:35.584,0.64681,0.64696,1.50,1.50
2012.02.13 17:29:35.941,0.64679,0.64696,1.50,1.50
2012.02.13 17:29:36.482,0.6468,0.64697,1.50,1.50
2012.02.13 17:29:37.267,0.6468,0.64698,1.50,1.50
2012.02.13 17:29:37.769,0.6468,0.64697,1.50,1.50
2012.02.13 17:29:41.582,0.64681,0.64697,1.50,1.50
2012.02.13 17:29:43.955,0.64678,0.64695,3.75,1.50
2012.02.13 17:29:44.472,0.64679,0.64694,1.50,1.50
2012.02.13 17:29:46.077,0.6468,0.64696,1.50,1.50
2012.02.13 17:29:46.653,0.6468,0.64695,1.50,1.50
2012.02.13 17:29:46.841,0.64678,0.64695,3.75,1.50
2012.02.13 17:29:46.964,0.64678,0.64695,4.50,1.50
2012.02.13 17:29:48.255,0.64679,0.64696,2.25,1.50
2012.02.13 17:29:48.386,0.64679,0.64696,1.50,1.50
2012.02.13 17:29:48.925,0.6468,0.64695,1.50,1.50
2012.02.13 17:29:48.994,0.64678,0.64695,3.75,1.50
2012.02.13 17:29:56.443,0.64679,0.64696,1.50,1.50
2012.02.13 17:30:01.163,0.64678,0.64694,3.75,1.50
2012.02.13 17:30:01.487,0.64673,0.64689,2.25,1.50
2012.02.13 17:30:03.200,0.64673,0.64686,2.25,1.50
2012.02.13 17:30:03.265,0.64669,0.64686,1.50,1.50
2012.02.13 17:30:03.337,0.64667,0.64683,5.48,1.50
2012.02.13 17:30:03.899,0.64667,0.64683,3.75,1.50
2012.02.13 17:30:04.282,0.64666,0.6468,2.25,1.50
2012.02.13 17:30:04.699,0.64664,0.6468,1.50,1.50
2012.02.13 17:30:04.770,0.64662,0.6468,1.50,1.50
2012.02.13 17:30:06.355,0.64661,0.64677,4.50,1.50
2012.02.13 17:30:06.929,0.64656,0.64674,2.25,1.50
2012.02.13 17:30:07.213,0.64656,0.64674,2.25,1.50
2012.02.13 17:30:08.205,0.6466,0.64675,2.25,1.50
2012.02.13 17:30:09.397,0.6466,0.64675,1.50,1.50
2012.02.13 17:30:09.547,0.64658,0.64675,3.75,1.50
2012.02.13 17:30:10.827,0.64658,0.64674,2.25,1.50
2012.02.13 17:30:11.500,0.64657,0.64674,1.50,1.50
2012.02.13 17:30:13.728,0.64657,0.64674,2.25,1.50
2012.02.13 17:30:14.109,0.6466,0.64676,2.25,3.00
2012.02.13 17:30:18.085,0.64662,0.64679,2.25,1.50
2012.02.13 17:30:19.413,0.64662,0.6468,2.25,1.50
2012.02.13 17:30:20.326,0.64662,0.6468,2.25,1.50
2012.02.13 17:30:20.760,0.64664,0.64682,1.50,1.50
2012.02.13 17:30:21.368,0.64663,0.64681,1.50,1.50
2012.02.13 17:30:23.132,0.64663,0.6468,1.50,1.50
2012.02.13 17:30:24.573,0.64665,0.64681,1.50,1.50
2012.02.13 17:30:26.063,0.64663,0.6468,3.00,1.50
2012.02.13 17:30:28.932,0.64663,0.6468,2.25,1.50
2012.02.13 17:30:29.455,0.64663,0.6468,1.50,1.50
2012.02.13 17:30:42.764,0.64663,0.6468,2.25,1.50
2012.02.13 17:30:43.672,0.64663,0.6468,1.50,1.50
2012.02.13 17:30:46.796,0.64663,0.6468,2.25,1.50
2012.02.13 17:30:51.483,0.64663,0.6468,1.50,1.50
2012.02.13 17:30:57.642,0.64663,0.6468,2.25,1.50
2012.02.13 17:31:00.715,0.64663,0.6468,1.50,1.50
2012.02.13 17:31:00.784,0.64663,0.6468,2.25,1.50
2012.02.13 17:31:00.941,0.64663,0.6468,1.50,1.50
2012.02.13 17:31:02.574,0.64663,0.6468,2.25,1.50
2012.02.13 17:31:03.355,0.64664,0.64682,2.25,1.50
2012.02.13 17:31:03.424,0.64664,0.64682,1.50,3.00
2012.02.13 17:31:04.628,0.64663,0.64681,1.50,1.50
2012.02.13 17:31:08.954,0.64663,0.6468,1.50,1.50
2012.02.13 17:31:09.221,0.64662,0.64678,2.25,1.50
2012.02.13 17:31:11.864,0.64659,0.64676,2.25,1.50
2012.02.13 17:31:12.745,0.64661,0.64677,2.25,1.50
2012.02.13 17:31:17.496,0.6466,0.64678,2.25,3.00
2012.02.13 17:31:19.201,0.6466,0.64677,2.25,1.50
2012.02.13 17:31:22.703,0.6466,0.64677,1.50,1.50
2012.02.13 17:31:22.937,0.64658,0.64673,1.50,1.50
2012.02.13 17:31:23.494,0.64657,0.64673,2.25,1.50
2012.02.13 17:31:24.042,0.64658,0.64674,1.50,1.50
2012.02.13 17:31:27.712,0.64657,0.64674,2.25,1.50
2012.02.13 17:31:28.775,0.64657,0.64675,3.75,1.50
2012.02.13 17:31:29.346,0.64657,0.6467,2.25,1.50
2012.02.13 17:31:29.473,0.64655,0.6467,1.50,1.50
2012.02.13 17:31:29.998,0.64654,0.64671,1.50,1.50
2012.02.13 17:31:32.994,0.64654,0.6467,1.50,1.50
2012.02.13 17:31:33.741,0.64655,0.6467,1.50,1.50
2012.02.13 17:31:35.540,0.64655,0.6467,2.25,1.50
2012.02.13 17:31:35.896,0.64656,0.64673,1.50,1.50
2012.02.13 17:31:38.085,0.64655,0.64672,1.50,1.50
2012.02.13 17:31:38.304,0.64655,0.64672,2.25,1.50
2012.02.13 17:31:39.336,0.64656,0.64673,2.25,3.00
2012.02.13 17:31:40.126,0.64655,0.64672,2.25,1.50
2012.02.13 17:31:40.956,0.64656,0.64673,2.25,1.50
2012.02.13 17:31:49.774,0.64656,0.64673,1.50,1.50
2012.02.13 17:31:52.080,0.64656,0.64673,2.25,1.50
2012.02.13 17:31:52.812,0.64656,0.64673,1.50,1.50
2012.02.13 17:31:56.944,0.64658,0.64673,2.25,1.50
2012.02.13 17:31:57.134,0.64658,0.64675,3.75,1.50
2012.02.13 17:32:01.029,0.6466,0.64675,1.50,1.50
2012.02.13 17:32:01.666,0.64659,0.64674,1.50,1.50
2012.02.13 17:32:02.884,0.64661,0.64677,2.25,1.50
2012.02.13 17:32:03.572,0.64661,0.64677,1.50,1.50
2012.02.13 17:32:27.016,0.64661,0.64677,2.25,1.50
2012.02.13 17:32:28.666,0.64663,0.64678,1.50,1.50
2012.02.13 17:32:29.338,0.64664,0.64682,1.50,3.75
2012.02.13 17:32:36.335,0.64665,0.64682,1.50,3.75
2012.02.13 17:32:36.582,0.64667,0.64682,1.50,2.25
2012.02.13 17:32:36.892,0.64669,0.64686,1.50,1.50
2012.02.13 17:32:39.170,0.64668,0.64683,3.00,1.50
2012.02.13 17:32:41.873,0.64667,0.64683,2.25,1.50
2012.02.13 17:32:42.870,0.64668,0.64683,1.50,1.50
2012.02.13 17:32:49.725,0.64667,0.64682,3.75,1.50
2012.02.13 17:32:51.346,0.64667,0.64684,3.75,3.00
2012.02.13 17:32:53.065,0.64667,0.64682,3.75,1.50
2012.02.13 17:32:53.564,0.64667,0.64684,3.75,1.50
2012.02.13 17:32:59.746,0.64667,0.64683,2.25,1.50
2012.02.13 17:33:10.238,0.64667,0.64682,2.25,1.50
2012.02.13 17:33:13.959,0.64667,0.64684,3.75,3.00
2012.02.13 17:33:15.042,0.64667,0.64682,3.75,1.50
2012.02.13 17:33:17.256,0.64667,0.64683,2.25,1.50
2012.02.13 17:33:17.734,0.64666,0.6468,1.50,1.50
2012.02.13 17:33:17.809,0.64663,0.64678,2.25,1.50
2012.02.13 17:33:19.527,0.64663,0.6468,1.50,1.50
2012.02.13 17:33:25.204,0.64663,0.6468,2.25,1.50
2012.02.13 17:33:25.358,0.64663,0.6468,1.50,1.50
2012.02.13 17:33:27.091,0.64663,0.6468,2.25,1.50
2012.02.13 17:33:28.825,0.64663,0.6468,1.50,1.50
2012.02.13 17:33:29.986,0.64663,0.6468,2.25,1.50
2012.02.13 17:33:34.608,0.64663,0.6468,1.50,1.50
2012.02.13 17:33:34.778,0.64663,0.6468,2.25,1.50
2012.02.13 17:33:36.577,0.64666,0.64681,2.25,1.50
2012.02.13 17:33:37.199,0.64666,0.64682,1.50,1.50
2012.02.13 17:33:37.718,0.64664,0.64679,1.50,1.50
2012.02.13 17:33:37.987,0.64662,0.64679,1.50,1.50
2012.02.13 17:33:44.676,0.64663,0.6468,1.50,1.50
2012.02.13 17:33:45.000,0.64663,0.64678,1.50,1.50
2012.02.13 17:33:51.766,0.64663,0.6468,1.50,3.00
2012.02.13 17:33:55.677,0.64662,0.64679,1.50,1.50
2012.02.13 17:34:00.462,0.64662,0.64678,1.50,1.50
2012.02.13 17:34:10.464,0.64661,0.64679,1.50,1.50
2012.02.13 17:34:12.656,0.64662,0.64679,1.50,1.50
2012.02.13 17:34:12.973,0.64664,0.64679,1.50,1.50
2012.02.13 17:34:13.036,0.64661,0.64679,2.25,1.50
2012.02.13 17:34:17.565,0.6466,0.64678,1.50,1.50
2012.02.13 17:34:38.245,0.6466,0.64678,2.25,1.50
2012.02.13 17:34:38.324,0.64663,0.64678,1.50,1.50
2012.02.13 17:34:39.559,0.64662,0.64679,1.50,1.50
2012.02.13 17:34:41.233,0.64664,0.64679,1.50,1.50
2012.02.13 17:34:44.242,0.64662,0.64679,1.50,1.50
2012.02.13 17:34:46.376,0.64664,0.64679,1.50,1.50
2012.02.13 17:35:01.172,0.64661,0.64677,2.25,1.50
2012.02.13 17:35:15.670,0.64661,0.64677,2.25,1.50
2012.02.13 17:35:16.786,0.64661,0.64679,2.25,1.50
2012.02.13 17:35:16.974,0.64663,0.64678,2.25,1.50
2012.02.13 17:35:17.103,0.64665,0.64682,2.25,1.50
2012.02.13 17:35:17.665,0.64667,0.64682,3.75,1.50
2012.02.13 17:35:19.832,0.64667,0.64683,2.25,3.00
2012.02.13 17:35:21.421,0.64667,0.64682,2.25,1.50
2012.02.13 17:35:23.376,0.64667,0.64681,2.25,1.50
2012.02.13 17:35:23.803,0.64667,0.64683,2.25,1.50
2012.02.13 17:35:27.127,0.64669,0.64685,1.50,1.50
2012.02.13 17:35:27.562,0.6467,0.64687,1.50,1.50
2012.02.13 17:35:28.120,0.6467,0.64685,1.50,1.50
2012.02.13 17:35:30.243,0.6467,0.64685,2.25,1.50
2012.02.13 17:35:30.809,0.6467,0.64685,1.50,1.50
2012.02.13 17:35:31.453,0.6467,0.64685,2.25,1.50
2012.02.13 17:35:33.777,0.6467,0.64685,1.50,1.50
2012.02.13 17:35:34.886,0.6467,0.64685,2.25,1.50
2012.02.13 17:35:36.801,0.6467,0.64687,2.25,3.00
2012.02.13 17:35:36.981,0.6467,0.64687,1.50,1.50
2012.02.13 17:35:37.236,0.6467,0.64685,1.50,1.50
2012.02.13 17:35:37.771,0.6467,0.64685,2.25,1.50
2012.02.13 17:35:39.754,0.64671,0.64686,2.25,1.50
2012.02.13 17:35:46.832,0.6467,0.64685,1.50,1.50
2012.02.13 17:35:48.363,0.6467,0.64687,1.50,1.50
2012.02.13 17:35:48.499,0.6467,0.64685,1.50,1.50
2012.02.13 17:35:48.622,0.6467,0.64687,1.50,1.50
2012.02.13 17:35:49.024,0.6467,0.64685,1.50,1.50
2012.02.13 17:35:49.151,0.6467,0.64687,1.50,1.50
2012.02.13 17:35:49.799,0.64669,0.64686,1.50,1.50
2012.02.13 17:35:52.526,0.64671,0.64686,1.50,1.50
2012.02.13 17:35:53.106,0.64669,0.64686,1.50,1.50
2012.02.13 17:35:54.684,0.64669,0.64686,2.25,1.50
2012.02.13 17:35:55.834,0.64669,0.64686,1.50,1.50
2012.02.13 17:35:56.114,0.64669,0.64686,2.25,1.50
2012.02.13 17:35:57.760,0.64669,0.64686,1.50,1.50
2012.02.13 17:36:00.044,0.6467,0.64687,1.50,3.00
2012.02.13 17:36:00.454,0.6467,0.64687,2.25,1.50
2012.02.13 17:36:06.481,0.6467,0.64685,2.25,1.50
2012.02.13 17:36:09.961,0.6467,0.64687,2.25,1.50
2012.02.13 17:36:10.024,0.6467,0.64687,1.50,1.50
2012.02.13 17:36:13.524,0.6467,0.64687,2.25,1.50
2012.02.13 17:36:14.649,0.64672,0.64687,1.50,1.50
2012.02.13 17:36:16.003,0.64671,0.64686,2.25,1.50
2012.02.13 17:36:17.841,0.64671,0.64688,2.25,1.50
2012.02.13 17:36:19.753,0.64671,0.64686,1.50,1.50
2012.02.13 17:36:23.973,0.64671,0.64688,1.50,1.50
2012.02.13 17:36:25.996,0.6467,0.64687,1.50,1.50
2012.02.13 17:36:30.359,0.6467,0.64687,2.25,1.50
2012.02.13 17:36:31.721,0.64671,0.64688,1.50,1.50
2012.02.13 17:36:32.456,0.64671,0.64689,2.25,3.00
2012.02.13 17:36:34.487,0.64672,0.64687,2.25,1.50
2012.02.13 17:36:36.457,0.64672,0.64688,2.25,1.50
2012.02.13 17:36:37.083,0.64672,0.64687,2.25,1.50
2012.02.13 17:36:38.537,0.6467,0.64687,1.50,1.50
2012.02.13 17:36:40.439,0.64671,0.64688,1.50,1.50
2012.02.13 17:36:41.328,0.64671,0.64688,2.25,1.50
2012.02.13 17:36:41.919,0.64671,0.64689,1.50,1.50
2012.02.13 17:36:42.317,0.64672,0.64687,1.50,1.50
2012.02.13 17:36:42.516,0.6467,0.64687,1.50,1.50
2012.02.13 17:36:43.058,0.6467,0.64687,2.25,1.50
2012.02.13 17:36:47.215,0.64669,0.64686,2.25,1.50
2012.02.13 17:36:48.954,0.64669,0.64686,1.50,1.50
2012.02.13 17:36:49.188,0.64669,0.64686,2.25,1.50
2012.02.13 17:37:11.414,0.64671,0.64689,2.25,1.50
2012.02.13 17:37:11.485,0.64677,0.64692,1.50,1.50
2012.02.13 17:37:11.734,0.64677,0.64695,1.50,3.75
2012.02.13 17:37:11.830,0.64677,0.64693,1.50,2.25
2012.02.13 17:37:12.713,0.64677,0.64692,1.50,1.50
2012.02.13 17:37:13.617,0.64676,0.64692,2.25,1.50
2012.02.13 17:37:14.733,0.64676,0.64691,1.50,1.50
2012.02.13 17:37:15.762,0.64675,0.6469,1.50,1.50
2012.02.13 17:37:19.806,0.64677,0.64692,1.50,1.50
2012.02.13 17:37:20.375,0.64677,0.64693,1.50,1.50
2012.02.13 17:37:21.542,0.64676,0.64693,1.50,1.50
2012.02.13 17:37:22.633,0.64676,0.64692,1.50,2.25
2012.02.13 17:37:23.600,0.64676,0.64691,1.50,1.50
2012.02.13 17:37:24.122,0.64677,0.64692,3.75,3.75
2012.02.13 17:37:24.556,0.64682,0.64697,1.50,1.50
2012.02.13 17:37:25.906,0.64683,0.64701,1.50,1.50
2012.02.13 17:37:26.880,0.64684,0.64701,1.50,1.50
2012.02.13 17:37:27.484,0.64683,0.64699,1.50,1.50
2012.02.13 17:37:27.756,0.64684,0.64701,1.50,1.50
2012.02.13 17:37:27.977,0.64686,0.64701,1.50,1.50
2012.02.13 17:37:29.748,0.64685,0.647,1.50,1.50
2012.02.13 17:37:32.813,0.64683,0.64701,1.50,1.50
2012.02.13 17:37:34.056,0.64684,0.64701,1.50,1.50
2012.02.13 17:37:34.877,0.64683,0.64701,1.50,1.50
2012.02.13 17:37:37.313,0.64685,0.647,1.50,1.50
2012.02.13 17:37:39.014,0.64683,0.64701,1.50,1.50
2012.02.13 17:37:41.139,0.64684,0.64701,1.50,1.50
2012.02.13 17:37:41.204,0.64686,0.64701,1.50,1.50
2012.02.13 17:37:41.332,0.64684,0.64702,1.50,1.50
2012.02.13 17:37:41.799,0.64686,0.64701,1.50,1.50
2012.02.13 17:37:42.745,0.64687,0.64702,1.50,1.50
2012.02.13 17:37:43.293,0.64687,0.64703,1.50,2.25
2012.02.13 17:37:44.455,0.64687,0.64702,1.50,1.50
2012.02.13 17:37:45.249,0.64686,0.64701,1.50,1.50
2012.02.13 17:37:47.393,0.64686,0.64704,1.50,2.25
2012.02.13 17:37:48.515,0.64687,0.64702,1.50,1.50
2012.02.13 17:37:49.063,0.64686,0.64701,1.50,1.50
2012.02.13 17:37:50.223,0.64686,0.64701,1.50,2.25
2012.02.13 17:37:51.360,0.64686,0.64701,1.50,1.50
2012.02.13 17:38:01.866,0.64686,0.64701,1.50,2.25
2012.02.13 17:38:02.194,0.64686,0.64701,1.50,1.50
2012.02.13 17:38:04.894,0.64684,0.64699,1.50,1.50
2012.02.13 17:38:05.208,0.64684,0.64702,1.50,1.50
2012.02.13 17:38:08.616,0.64684,0.64702,1.50,2.25
2012.02.13 17:38:08.834,0.64684,0.64702,1.50,1.50
2012.02.13 17:38:14.346,0.64684,0.64702,1.50,2.25
2012.02.13 17:38:14.470,0.64684,0.64702,1.50,1.50
2012.02.13 17:38:15.276,0.64684,0.64702,1.50,2.25
2012.02.13 17:38:15.915,0.64684,0.64702,1.50,1.50
2012.02.13 17:38:17.824,0.64684,0.64702,1.50,2.25
2012.02.13 17:38:19.284,0.64685,0.64702,1.50,2.25
2012.02.13 17:38:19.533,0.64685,0.64702,1.50,1.50
2012.02.13 17:38:20.069,0.64686,0.64701,1.50,1.50
2012.02.13 17:38:22.357,0.64687,0.64702,1.50,1.50
2012.02.13 17:38:22.860,0.64686,0.64701,1.50,1.50
2012.02.13 17:38:25.785,0.64687,0.64702,1.50,1.50
2012.02.13 17:38:26.589,0.64687,0.64703,1.50,2.25
2012.02.13 17:38:26.773,0.64685,0.64702,3.00,1.50
2012.02.13 17:38:29.013,0.64686,0.64703,1.50,2.25
2012.02.13 17:38:30.763,0.64687,0.64704,1.50,2.25
2012.02.13 17:38:32.412,0.64687,0.64702,1.50,1.50
2012.02.13 17:38:32.934,0.64688,0.64706,1.50,1.50
2012.02.13 17:38:33.062,0.6469,0.64706,1.50,1.50
2012.02.13 17:38:33.396,0.64692,0.64709,1.50,2.25
2012.02.13 17:38:34.064,0.64691,0.64707,1.50,1.50
2012.02.13 17:38:34.606,0.64691,0.64709,1.50,3.75
2012.02.13 17:38:35.344,0.64691,0.64709,1.50,3.00
2012.02.13 17:38:35.915,0.64692,0.64709,1.50,1.50
2012.02.13 17:38:36.287,0.64695,0.64713,1.50,3.00
2012.02.13 17:38:38.769,0.64694,0.64709,1.50,1.50
2012.02.13 17:38:39.928,0.64694,0.64711,1.50,1.50
2012.02.13 17:38:41.064,0.64694,0.64709,1.50,1.50
2012.02.13 17:38:41.564,0.64696,0.64712,1.50,1.50
2012.02.13 17:38:42.003,0.64694,0.64711,1.50,1.50
2012.02.13 17:38:42.472,0.64694,0.64709,1.50,1.50
2012.02.13 17:38:43.354,0.64695,0.6471,1.50,1.50
2012.02.13 17:38:44.093,0.64696,0.64711,1.50,1.50
2012.02.13 17:38:45.808,0.64695,0.6471,1.50,1.50
2012.02.13 17:38:45.874,0.64696,0.64712,1.50,1.50
2012.02.13 17:38:46.294,0.64694,0.64711,1.50,2.25
2012.02.13 17:38:46.767,0.64692,0.64708,1.50,1.50
2012.02.13 17:38:51.638,0.64693,0.64708,1.50,1.50
2012.02.13 17:38:52.363,0.64695,0.6471,1.50,2.25
2012.02.13 17:38:54.003,0.64691,0.64709,1.50,2.25
2012.02.13 17:38:59.305,0.64691,0.64709,1.50,1.50
2012.02.13 17:39:00.143,0.64695,0.6471,1.50,1.50
2012.02.13 17:39:03.151,0.64695,0.6471,1.50,2.25
2012.02.13 17:39:03.753,0.64693,0.64708,1.50,2.25
2012.02.13 17:39:04.268,0.64692,0.64707,1.50,1.50
2012.02.13 17:39:04.940,0.64691,0.64708,1.50,2.25
2012.02.13 17:39:05.026,0.64689,0.64704,1.50,1.50
2012.02.13 17:39:05.394,0.64693,0.64709,1.50,2.25
2012.02.13 17:39:06.050,0.64692,0.64709,1.50,2.25
2012.02.13 17:39:06.717,0.64692,0.6471,1.50,1.50
2012.02.13 17:39:07.526,0.64692,0.6471,1.50,2.25
2012.02.13 17:39:08.474,0.64692,0.6471,1.50,1.50
2012.02.13 17:39:08.872,0.64696,0.64712,1.50,1.50
2012.02.13 17:39:09.205,0.64694,0.64711,1.50,1.50
2012.02.13 17:39:10.953,0.64695,0.64712,1.50,1.50
2012.02.13 17:39:11.843,0.64696,0.64712,1.50,1.50
2012.02.13 17:39:11.985,0.64695,0.64712,1.50,2.25
2012.02.13 17:39:12.114,0.64695,0.64712,1.50,1.50
2012.02.13 17:39:15.318,0.64695,0.64713,1.50,4.50
2012.02.13 17:39:15.763,0.64698,0.64716,1.50,3.75
2012.02.13 17:39:17.269,0.64698,0.64712,1.50,2.25
2012.02.13 17:39:17.431,0.64698,0.64716,3.75,1.50
2012.02.13 17:39:17.986,0.64702,0.64717,1.50,1.50
2012.02.13 17:39:18.955,0.64703,0.6472,1.50,2.25
2012.02.13 17:39:19.086,0.64705,0.6472,1.50,2.25
2012.02.13 17:39:19.398,0.64701,0.64718,1.50,1.50
2012.02.13 17:39:19.914,0.64699,0.64716,1.50,1.50
2012.02.13 17:39:20.423,0.64698,0.64716,1.50,1.50
2012.02.13 17:39:20.732,0.64698,0.64712,1.50,2.25
2012.02.13 17:39:22.025,0.64697,0.64712,1.50,2.25
2012.02.13 17:39:22.691,0.64698,0.64712,1.50,2.25
2012.02.13 17:39:24.993,0.647,0.64712,1.50,2.25
2012.02.13 17:39:25.184,0.64702,0.64717,1.50,1.50
2012.02.13 17:39:25.950,0.647,0.64716,1.50,1.50
2012.02.13 17:39:26.018,0.64698,0.64716,1.50,1.50
2012.02.13 17:39:30.439,0.64698,0.64712,1.50,2.25
2012.02.13 17:39:30.632,0.64693,0.6471,1.50,1.50
2012.02.13 17:39:31.284,0.64693,0.6471,1.50,2.25
2012.02.13 17:39:31.832,0.64693,0.6471,1.50,1.50
2012.02.13 17:39:32.226,0.64693,0.6471,1.50,2.25
2012.02.13 17:39:32.424,0.64693,0.6471,1.50,1.50
2012.02.13 17:39:33.056,0.64695,0.64712,1.50,1.50
2012.02.13 17:39:33.363,0.64693,0.64708,1.50,1.50
2012.02.13 17:39:44.873,0.6469,0.64707,1.50,1.50
2012.02.13 17:39:45.232,0.64689,0.64704,1.50,1.50
2012.02.13 17:39:45.562,0.64692,0.64707,1.50,1.50
2012.02.13 17:39:47.005,0.6469,0.64705,1.50,1.50
2012.02.13 17:39:47.074,0.64688,0.64705,3.75,1.50
2012.02.13 17:39:47.513,0.64689,0.64707,1.50,1.50
2012.02.13 17:39:49.293,0.64692,0.64709,1.50,1.50
2012.02.13 17:39:49.604,0.64688,0.64704,2.25,1.50
2012.02.13 17:40:07.733,0.64686,0.64704,1.50,1.50
2012.02.13 17:40:07.815,0.64688,0.64704,2.25,1.50
2012.02.13 17:40:11.657,0.64688,0.64702,2.25,1.50
2012.02.13 17:40:11.846,0.64684,0.64702,4.50,1.50
2012.02.13 17:40:16.179,0.64684,0.647,2.25,1.50
2012.02.13 17:40:16.712,0.64685,0.647,1.50,1.50
2012.02.13 17:40:17.298,0.64685,0.64701,1.50,1.50
2012.02.13 17:40:18.087,0.64684,0.64702,1.50,1.50
2012.02.13 17:40:21.299,0.64686,0.64701,1.50,1.50
2012.02.13 17:40:23.276,0.64683,0.64701,1.50,1.50
2012.02.13 17:40:25.553,0.64686,0.64701,1.50,1.50
2012.02.13 17:40:26.167,0.64685,0.64701,1.50,1.50
2012.02.13 17:40:27.112,0.64682,0.64699,3.00,1.50
2012.02.13 17:40:32.131,0.64685,0.64701,1.50,3.00
2012.02.13 17:40:33.373,0.64682,0.64699,1.50,1.50
2012.02.13 17:40:36.378,0.64682,0.64697,1.50,1.50
2012.02.13 17:40:36.894,0.64682,0.64699,1.50,1.50
2012.02.13 17:40:40.191,0.64684,0.64701,1.50,1.50
2012.02.13 17:40:41.009,0.64684,0.64702,1.50,1.50
2012.02.13 17:40:48.617,0.64684,0.64702,2.25,1.50
2012.02.13 17:40:48.959,0.64688,0.64703,1.50,1.50
2012.02.13 17:40:49.153,0.64684,0.647,1.50,1.50
2012.02.13 17:40:49.668,0.64687,0.64702,1.50,1.50
2012.02.13 17:40:50.306,0.64685,0.64702,1.50,1.50
2012.02.13 17:40:51.041,0.64685,0.64701,1.50,1.50
2012.02.13 17:40:51.555,0.64685,0.64702,3.00,1.50
2012.02.13 17:40:52.105,0.64686,0.64703,1.50,2.25
2012.02.13 17:40:52.376,0.64686,0.64701,1.50,1.50
2012.02.13 17:40:53.817,0.64686,0.64703,1.50,3.75
2012.02.13 17:40:54.708,0.64688,0.64703,1.50,1.50
2012.02.13 17:40:55.392,0.64687,0.64702,1.50,1.50
2012.02.13 17:40:55.911,0.64687,0.64704,1.50,3.00
2012.02.13 17:40:56.498,0.64686,0.64703,1.50,1.50
2012.02.13 17:40:58.226,0.64689,0.64705,1.50,1.50
2012.02.13 17:40:58.736,0.64687,0.64704,1.50,1.50
2012.02.13 17:40:59.264,0.64687,0.64703,1.50,2.25
2012.02.13 17:40:59.606,0.64685,0.647,1.50,1.50
2012.02.13 17:40:59.978,0.64687,0.64702,1.50,1.50
2012.02.13 17:41:02.024,0.64685,0.64702,1.50,1.50
2012.02.13 17:41:04.076,0.64686,0.64703,1.50,3.75
2012.02.13 17:41:04.355,0.64686,0.64701,2.25,1.50
2012.02.13 17:41:04.664,0.64689,0.64703,1.50,2.25
2012.02.13 17:41:04.895,0.64686,0.64703,3.75,3.75
2012.02.13 17:41:06.326,0.64689,0.64703,1.50,2.25
2012.02.13 17:41:06.456,0.64689,0.64706,1.50,1.50
2012.02.13 17:41:06.527,0.64689,0.64704,1.50,1.50
2012.02.13 17:41:07.082,0.64688,0.64705,1.50,1.50
2012.02.13 17:41:07.726,0.64692,0.64707,1.50,1.50
2012.02.13 17:41:08.035,0.64694,0.64707,1.50,1.50
2012.02.13 17:41:08.106,0.64694,0.6471,1.50,1.50
2012.02.13 17:41:08.634,0.64694,0.64711,1.50,1.50
2012.02.13 17:41:08.825,0.64691,0.64707,1.50,1.50
2012.02.13 17:41:09.606,0.64694,0.64709,1.50,1.50
2012.02.13 17:41:10.013,0.6469,0.64708,1.50,1.50
2012.02.13 17:41:10.088,0.6469,0.64705,1.50,1.50
2012.02.13 17:41:11.744,0.64691,0.64709,1.50,1.50
2012.02.13 17:41:12.405,0.6469,0.64708,1.50,1.50
2012.02.13 17:41:32.285,0.64692,0.64708,1.50,1.50
2012.02.13 17:41:32.537,0.64693,0.6471,1.50,1.50
2012.02.13 17:41:33.256,0.64692,0.64708,1.50,1.50
2012.02.13 17:41:34.977,0.6469,0.64705,3.00,1.50
2012.02.13 17:41:45.104,0.6469,0.64704,1.50,1.50
2012.02.13 17:41:45.353,0.64688,0.64703,1.50,1.50
2012.02.13 17:41:45.485,0.64685,0.64702,1.50,1.50
2012.02.13 17:41:45.732,0.64687,0.64702,1.50,2.25
2012.02.13 17:41:45.923,0.64687,0.64705,1.50,1.50
2012.02.13 17:41:46.471,0.64688,0.64705,2.25,1.50
2012.02.13 17:41:51.157,0.64691,0.64706,1.50,1.50
2012.02.13 17:41:53.063,0.64688,0.64704,3.75,1.50
2012.02.13 17:41:54.983,0.6469,0.64707,1.50,1.50
2012.02.13 17:41:55.505,0.64691,0.64707,1.50,1.50
2012.02.13 17:41:55.633,0.64688,0.64705,3.00,1.50
2012.02.13 17:41:56.635,0.64691,0.64707,1.50,1.50
2012.02.13 17:41:57.334,0.64691,0.64709,1.50,1.50
2012.02.13 17:41:58.146,0.6469,0.64707,1.50,1.50
2012.02.13 17:41:58.777,0.64691,0.64707,2.25,1.50
2012.02.13 17:42:00.424,0.6469,0.64707,1.50,1.50
2012.02.13 17:42:00.925,0.6469,0.64707,2.25,1.50
2012.02.13 17:42:01.617,0.64691,0.64707,1.50,1.50
2012.02.13 17:42:03.384,0.64691,0.64706,1.50,1.50
2012.02.13 17:42:03.779,0.6469,0.64708,2.25,1.50
2012.02.13 17:42:05.324,0.6469,0.64708,1.50,1.50
2012.02.13 17:42:06.324,0.64692,0.64708,1.50,1.50
2012.02.13 17:42:06.866,0.64691,0.64709,1.50,1.50
2012.02.13 17:42:10.125,0.6469,0.64708,1.50,1.50
2012.02.13 17:42:12.311,0.6469,0.64707,1.50,1.50
2012.02.13 17:42:12.884,0.6469,0.64708,1.50,1.50
2012.02.13 17:42:14.387,0.6469,0.64708,2.25,1.50
2012.02.13 17:42:14.989,0.64697,0.64713,1.50,2.25
2012.02.13 17:42:15.616,0.64695,0.64711,1.50,1.50
2012.02.13 17:42:24.225,0.64697,0.64713,1.50,2.25
2012.02.13 17:42:27.824,0.64697,0.64714,1.50,1.50
2012.02.13 17:42:28.339,0.64698,0.64714,1.50,1.50
2012.02.13 17:42:28.756,0.647,0.64716,1.50,2.03
2012.02.13 17:42:29.599,0.64702,0.64719,1.50,2.03
2012.02.13 17:42:29.663,0.64702,0.64719,1.50,1.50
2012.02.13 17:42:35.455,0.64702,0.64719,1.50,2.25
2012.02.13 17:42:37.833,0.647,0.64716,3.00,1.50
2012.02.13 17:43:10.048,0.64698,0.64713,1.50,1.50
2012.02.13 17:43:11.743,0.64695,0.64712,1.50,1.50
2012.02.13 17:43:12.257,0.64697,0.64712,1.50,2.25
2012.02.13 17:43:16.024,0.64697,0.64713,2.25,1.50
2012.02.13 17:43:16.274,0.64698,0.64715,1.50,1.50
2012.02.13 17:43:17.794,0.64698,0.64716,1.50,1.50
2012.02.13 17:43:17.872,0.64695,0.64712,1.50,3.75
2012.02.13 17:43:30.576,0.64696,0.64712,1.50,2.25
2012.02.13 17:43:31.117,0.64698,0.64712,1.50,2.25
2012.02.13 17:43:38.649,0.64698,0.64715,1.50,1.50
2012.02.13 17:43:38.736,0.64698,0.64712,1.50,2.25
2012.02.13 17:43:38.957,0.647,0.64717,1.50,1.50
2012.02.13 17:43:39.596,0.647,0.64718,1.50,1.50
2012.02.13 17:43:44.341,0.647,0.64718,2.25,1.50
2012.02.13 17:43:44.411,0.647,0.64718,1.50,1.50
2012.02.13 17:43:44.538,0.64702,0.64718,1.50,1.50
2012.02.13 17:43:45.019,0.64704,0.64719,1.50,1.50
2012.02.13 17:43:48.684,0.64704,0.64719,1.50,2.25
2012.02.13 17:43:49.271,0.64704,0.64719,1.50,3.00
2012.02.13 17:43:53.247,0.64705,0.64722,1.50,3.75
2012.02.13 17:43:54.946,0.64704,0.6472,1.50,1.50
2012.02.13 17:43:55.935,0.64703,0.6472,1.50,1.50
2012.02.13 17:44:07.317,0.64706,0.64721,1.50,1.50
2012.02.13 17:44:09.964,0.64703,0.6472,1.50,1.50
2012.02.13 17:44:29.702,0.64707,0.64722,1.50,2.25
2012.02.13 17:44:30.010,0.64709,0.64722,2.25,2.25
2012.02.13 17:44:30.080,0.64709,0.64722,1.50,2.25
2012.02.13 17:44:30.148,0.64709,0.64726,1.50,1.50
2012.02.13 17:44:30.395,0.64711,0.64726,1.50,1.50
2012.02.13 17:44:30.705,0.64713,0.64728,1.50,1.50
2012.02.13 17:44:36.762,0.64714,0.6473,1.50,1.50
2012.02.13 17:44:37.084,0.64714,0.64732,1.50,3.75
2012.02.13 17:44:37.473,0.64712,0.64729,1.50,1.50
2012.02.13 17:44:37.894,0.6471,0.64728,3.00,1.50
2012.02.13 17:44:38.143,0.64712,0.64728,1.50,1.50
2012.02.13 17:44:39.043,0.64711,0.64727,1.50,1.50
2012.02.13 17:44:39.237,0.64708,0.64725,1.50,1.50
2012.02.13 17:44:39.364,0.64708,0.64723,1.50,2.25
2012.02.13 17:44:39.866,0.6471,0.64723,1.50,2.25
2012.02.13 17:44:40.292,0.64708,0.64723,3.00,2.25
2012.02.13 17:44:40.853,0.64709,0.64723,1.50,2.25
2012.02.13 17:44:42.095,0.6471,0.64723,1.50,2.25
2012.02.13 17:44:42.487,0.64708,0.64723,1.50,2.25
2012.02.13 17:44:43.307,0.64707,0.64723,1.50,2.25
2012.02.13 17:44:44.894,0.64708,0.64723,1.50,2.25
2012.02.13 17:44:46.172,0.64709,0.64723,1.50,2.25
2012.02.13 17:44:47.461,0.64708,0.64722,1.50,1.50
2012.02.13 17:44:47.806,0.64705,0.64721,1.50,1.50
2012.02.13 17:44:48.115,0.64703,0.64721,1.50,1.50
2012.02.13 17:44:49.099,0.64701,0.64718,1.50,1.50
2012.02.13 17:44:50.665,0.64704,0.64719,1.50,1.50
2012.02.13 17:44:51.173,0.64704,0.6472,1.50,1.50
2012.02.13 17:44:53.484,0.64707,0.64722,1.50,1.50
2012.02.13 17:44:54.759,0.64708,0.64723,1.50,2.25
2012.02.13 17:44:55.164,0.6471,0.64723,1.50,2.25
2012.02.13 17:44:55.953,0.64709,0.64723,1.50,2.25
2012.02.13 17:44:59.377,0.64707,0.64723,1.50,3.75
2012.02.13 17:44:59.446,0.64705,0.64723,1.50,3.75
2012.02.13 17:45:00.045,0.64706,0.64723,1.50,3.75
2012.02.13 17:45:00.114,0.64709,0.64723,1.50,2.25
2012.02.13 17:45:00.709,0.64707,0.64722,1.50,1.50
2012.02.13 17:45:01.090,0.64705,0.64722,1.50,1.50
2012.02.13 17:45:03.545,0.64703,0.64719,3.00,1.50
2012.02.13 17:45:10.529,0.64704,0.64719,1.50,1.50
2012.02.13 17:45:10.850,0.64706,0.64721,1.50,1.50
2012.02.13 17:45:11.255,0.64702,0.6472,1.50,1.50
2012.02.13 17:45:12.256,0.64702,0.64713,1.50,2.25
2012.02.13 17:45:15.084,0.647,0.64713,1.50,2.25
2012.02.13 17:45:20.919,0.647,0.64713,2.25,2.25
2012.02.13 17:45:21.745,0.647,0.64713,1.50,2.25
2012.02.13 17:45:24.504,0.64698,0.64713,3.00,2.25
2012.02.13 17:45:27.926,0.64701,0.64713,2.25,2.25
2012.02.13 17:45:28.538,0.64702,0.6472,1.50,2.03
2012.02.13 17:45:28.783,0.64706,0.64721,1.50,2.03
2012.02.13 17:45:29.163,0.64703,0.64721,3.00,2.03
2012.02.13 17:45:36.397,0.64703,0.64721,1.50,2.03
2012.02.13 17:45:36.978,0.64703,0.64721,1.50,2.03
2012.02.13 17:45:37.946,0.64703,0.64721,1.50,2.03
2012.02.13 17:45:44.912,0.64703,0.64721,1.50,2.03
2012.02.13 17:45:47.387,0.64703,0.64721,1.50,2.03
2012.02.13 17:45:49.384,0.64703,0.64721,1.50,2.03
2012.02.13 17:45:49.453,0.64707,0.64722,1.50,2.03
2012.02.13 17:45:50.735,0.64707,0.64722,1.50,1.50
2012.02.13 17:46:01.268,0.64706,0.64723,1.50,1.50
2012.02.13 17:46:01.770,0.64705,0.64723,1.50,1.50
2012.02.13 17:46:02.183,0.64705,0.64723,2.25,1.50
2012.02.13 17:46:02.535,0.64709,0.64724,1.50,1.50
2012.02.13 17:46:04.356,0.64707,0.64722,1.50,1.50
2012.02.13 17:46:05.050,0.64707,0.64725,1.50,3.00
2012.02.13 17:46:11.518,0.64712,0.64727,1.50,1.50
2012.02.13 17:46:12.012,0.64713,0.64729,1.50,1.50
2012.02.13 17:46:12.574,0.64713,0.6473,1.50,1.50
2012.02.13 17:46:13.671,0.64713,0.64729,1.50,1.50
2012.02.13 17:46:14.152,0.64711,0.64727,1.50,1.50
2012.02.13 17:46:18.064,0.64711,0.64727,2.25,1.50
2012.02.13 17:46:19.456,0.64713,0.64731,1.50,1.50
2012.02.13 17:46:27.890,0.64713,0.6473,1.50,1.50
2012.02.13 17:46:28.991,0.64713,0.64731,1.50,1.50
2012.02.13 17:46:29.624,0.64713,0.6473,1.50,1.50
2012.02.13 17:46:33.853,0.64712,0.64727,2.25,1.50
2012.02.13 17:46:36.663,0.64711,0.64727,1.50,1.50
2012.02.13 17:46:36.906,0.64713,0.6473,1.50,1.50
2012.02.13 17:46:37.568,0.64714,0.6473,1.50,3.00
2012.02.13 17:46:37.635,0.64712,0.64729,1.50,1.50
2012.02.13 17:46:37.997,0.64713,0.64731,1.50,1.50
2012.02.13 17:46:38.713,0.64713,0.64729,1.50,1.50
2012.02.13 17:46:38.843,0.64713,0.64731,1.50,1.50
2012.02.13 17:46:39.905,0.64712,0.6473,1.50,1.50
2012.02.13 17:46:42.424,0.64714,0.6473,1.50,1.50
2012.02.13 17:46:45.905,0.64717,0.64732,1.50,1.50
2012.02.13 17:46:51.447,0.64714,0.64732,3.00,1.50
2012.02.13 17:46:56.625,0.64714,0.6473,1.50,1.50
2012.02.13 17:46:58.170,0.64717,0.64735,1.50,1.50
2012.02.13 17:47:05.495,0.64717,0.64733,1.50,1.50
2012.02.13 17:47:05.856,0.64716,0.64731,1.50,1.50
2012.02.13 17:47:10.944,0.64714,0.6473,1.50,1.50
2012.02.13 17:47:13.119,0.64716,0.64733,1.50,1.50
2012.02.13 17:47:15.980,0.64714,0.64731,1.50,1.50
2012.02.13 17:47:16.523,0.64715,0.64731,1.50,1.50
2012.02.13 17:47:35.280,0.64713,0.64731,1.50,1.50
2012.02.13 17:47:36.604,0.64714,0.64732,1.50,1.50
2012.02.13 17:47:49.933,0.64717,0.64733,1.50,1.50
2012.02.13 17:47:51.754,0.64715,0.6473,1.50,1.50
2012.02.13 17:47:55.635,0.64713,0.6473,1.50,1.50
2012.02.13 17:47:56.646,0.64712,0.6473,1.50,1.50
2012.02.13 17:47:59.124,0.64715,0.6473,1.50,1.50
2012.02.13 17:47:59.947,0.64713,0.64729,1.50,1.50
2012.02.13 17:48:01.230,0.64715,0.6473,1.50,1.50
2012.02.13 17:48:01.415,0.64713,0.6473,1.50,1.50
2012.02.13 17:48:02.263,0.64712,0.6473,1.50,1.50
2012.02.13 17:48:02.575,0.64715,0.64731,1.50,1.50
2012.02.13 17:48:04.656,0.64714,0.6473,1.50,1.50
2012.02.13 17:48:16.355,0.64715,0.64731,1.50,1.50
2012.02.13 17:48:20.436,0.64714,0.6473,1.50,1.50
2012.02.13 17:48:20.937,0.64715,0.64731,1.50,1.50
2012.02.13 17:48:23.997,0.64713,0.64731,1.50,1.50
2012.02.13 17:48:27.287,0.64714,0.64732,1.50,1.50
2012.02.13 17:48:35.156,0.64713,0.64729,1.50,1.50
2012.02.13 17:48:39.312,0.64714,0.6473,1.50,1.50
2012.02.13 17:48:39.571,0.64712,0.6473,1.50,3.00
2012.02.13 17:48:39.828,0.64713,0.64728,1.50,1.50
2012.02.13 17:48:54.971,0.64711,0.64727,3.00,1.50
2012.02.13 17:48:55.725,0.64709,0.64727,1.50,1.50
2012.02.13 17:48:56.253,0.6471,0.64728,1.50,1.50
2012.02.13 17:49:00.024,0.64712,0.64728,1.50,1.50
2012.02.13 17:49:06.564,0.6471,0.64728,1.50,1.50
2012.02.13 17:49:07.912,0.6471,0.64727,1.50,1.50
2012.02.13 17:49:08.159,0.64711,0.64727,1.50,3.75
2012.02.13 17:49:08.242,0.64708,0.64724,1.50,2.25
2012.02.13 17:49:08.783,0.64705,0.64722,3.00,1.50
2012.02.13 17:49:09.085,0.64707,0.64725,1.50,1.50
2012.02.13 17:49:09.575,0.6471,0.64725,1.50,1.50
2012.02.13 17:49:10.118,0.64709,0.64725,1.50,3.00
2012.02.13 17:49:10.410,0.64707,0.64724,1.50,1.50
2012.02.13 17:49:10.836,0.64708,0.64726,1.50,1.50
2012.02.13 17:49:11.383,0.64709,0.64726,1.50,1.50
2012.02.13 17:49:28.614,0.64709,0.64725,1.50,1.50
2012.02.13 17:49:29.160,0.6471,0.64725,1.50,1.50
2012.02.13 17:49:30.515,0.64708,0.64726,3.00,1.50
2012.02.13 17:49:32.497,0.64709,0.64726,1.50,1.50
2012.02.13 17:49:34.995,0.64709,0.64725,1.50,1.50
2012.02.13 17:49:36.134,0.64709,0.64726,1.50,1.50
2012.02.13 17:49:40.173,0.6471,0.64726,1.50,1.50
2012.02.13 17:49:40.254,0.64712,0.64729,1.50,1.50
2012.02.13 17:49:40.798,0.64712,0.64728,1.50,1.50
2012.02.13 17:49:41.937,0.64713,0.64728,1.50,1.50
2012.02.13 17:49:42.573,0.64714,0.64729,1.50,1.50
2012.02.13 17:49:42.641,0.64712,0.64729,2.25,1.50
2012.02.13 17:49:43.514,0.6471,0.64728,1.50,1.50
2012.02.13 17:49:58.733,0.6471,0.64728,2.25,1.50
2012.02.13 17:49:59.095,0.64713,0.6473,1.50,3.00
2012.02.13 17:49:59.657,0.64712,0.64729,2.25,1.50
2012.02.13 17:50:01.688,0.64712,0.64728,2.25,1.50
2012.02.13 17:50:07.335,0.64708,0.64723,1.50,1.50
2012.02.13 17:50:07.783,0.64708,0.64725,1.50,1.50
2012.02.13 17:50:09.175,0.64708,0.64726,1.50,1.50
2012.02.13 17:50:12.698,0.64708,0.64726,2.25,1.50
2012.02.13 17:50:12.887,0.6471,0.64725,1.50,1.50
2012.02.13 17:50:13.015,0.64708,0.64726,3.00,1.50
2012.02.13 17:50:13.420,0.64708,0.64724,1.50,1.50
2012.02.13 17:50:14.053,0.64709,0.64725,1.50,1.50
2012.02.13 17:50:14.847,0.64709,0.64725,2.25,1.50
2012.02.13 17:50:15.345,0.64713,0.64728,1.50,1.50
2012.02.13 17:50:15.654,0.64709,0.64726,3.00,1.50
2012.02.13 17:50:15.726,0.64709,0.64726,2.25,1.50
2012.02.13 17:50:15.797,0.64712,0.64728,2.25,1.50
2012.02.13 17:50:19.040,0.6471,0.64723,1.50,1.50
2012.02.13 17:50:19.103,0.64706,0.64723,1.50,1.50
2012.02.13 17:50:38.859,0.64706,0.64723,2.25,1.50
2012.02.13 17:50:39.044,0.64709,0.64724,1.50,1.50
2012.02.13 17:50:39.547,0.6471,0.64725,1.50,1.50
2012.02.13 17:50:41.105,0.64708,0.64726,1.50,1.50
2012.02.13 17:50:41.235,0.64711,0.64726,1.50,1.50
2012.02.13 17:50:47.611,0.64714,0.64729,1.50,1.50
2012.02.13 17:50:50.311,0.64716,0.64732,1.50,1.50
2012.02.13 17:50:53.424,0.64714,0.6473,1.50,1.50
2012.02.13 17:50:54.432,0.64715,0.6473,1.50,1.50
2012.02.13 17:51:00.175,0.64714,0.6473,1.50,1.50
2012.02.13 17:51:03.028,0.64718,0.6473,2.25,1.50
2012.02.13 17:51:03.096,0.64718,0.64735,3.75,1.50
2012.02.13 17:51:03.166,0.64721,0.64736,1.50,1.50
2012.02.13 17:51:03.642,0.64721,0.64738,1.50,1.50
2012.02.13 17:51:06.998,0.64717,0.64733,1.50,1.50
2012.02.13 17:51:07.655,0.64722,0.64737,1.50,1.50
2012.02.13 17:52:07.137,0.64717,0.64743,3.00,3.00
2012.02.13 17:52:07.388,0.64717,0.64743,3.00,2.25
2012.02.13 17:52:08.199,0.64723,0.64738,1.50,1.50
2012.02.13 17:52:08.748,0.6472,0.64738,2.25,1.50
2012.02.13 17:52:23.890,0.6472,0.64738,2.25,1.50
2012.02.13 17:52:24.134,0.64725,0.6474,2.25,1.50
2012.02.13 17:52:25.097,0.64725,0.6474,1.50,1.50
2012.02.13 17:52:25.493,0.64722,0.64739,1.50,1.50
2012.02.13 17:52:26.311,0.64721,0.64739,2.25,1.50
2012.02.13 17:52:31.444,0.64722,0.64739,1.50,1.50
2012.02.13 17:52:32.137,0.64723,0.64738,1.50,1.50
2012.02.13 17:52:38.458,0.64723,0.64738,2.25,1.50
2012.02.13 17:52:38.585,0.64723,0.6474,2.25,1.50
2012.02.13 17:52:42.495,0.64722,0.64739,2.25,1.50
2012.02.13 17:52:43.761,0.64724,0.6474,2.25,1.50
2012.02.13 17:52:44.215,0.64724,0.6474,2.25,1.50
2012.02.13 17:52:44.350,0.64724,0.6474,2.25,1.50
2012.02.13 17:52:44.419,0.64728,0.64742,2.25,1.50
2012.02.13 17:52:44.548,0.64733,0.6475,1.50,1.50
2012.02.13 17:52:48.867,0.64733,0.64749,1.50,1.50
2012.02.13 17:53:01.679,0.64732,0.64748,1.50,1.50
2012.02.13 17:53:02.205,0.64733,0.64749,1.50,1.50
2012.02.13 17:53:08.716,0.64731,0.64746,3.75,1.50
2012.02.13 17:53:08.903,0.64731,0.64748,1.50,1.50
2012.02.13 17:53:15.516,0.64731,0.64747,2.25,1.50
2012.02.13 17:53:16.152,0.6473,0.64747,1.50,1.50
2012.02.13 17:53:18.390,0.64732,0.64748,1.50,1.50
2012.02.13 17:53:18.894,0.6473,0.64748,2.25,1.50
2012.02.13 17:53:19.218,0.64733,0.64748,1.50,1.50
2012.02.13 17:53:23.744,0.64736,0.6475,1.50,1.50
2012.02.13 17:53:23.818,0.64736,0.64752,1.50,3.75
2012.02.13 17:53:30.763,0.64736,0.64751,1.50,1.50
2012.02.13 17:53:30.823,0.64733,0.6475,1.50,1.50
2012.02.13 17:53:32.525,0.6473,0.64745,1.50,1.50
2012.02.13 17:53:35.975,0.64731,0.64748,1.50,1.50
2012.02.13 17:53:37.660,0.64731,0.64749,1.50,1.50
2012.02.13 17:53:40.935,0.64731,0.64749,2.25,1.50
2012.02.13 17:53:41.065,0.64734,0.64751,1.50,1.50
2012.02.13 17:53:44.015,0.64733,0.64749,1.50,1.50
2012.02.13 17:53:44.574,0.64733,0.64748,1.50,1.50
2012.02.13 17:53:45.971,0.64733,0.64749,1.50,1.50
2012.02.13 17:53:47.187,0.64734,0.64749,1.50,1.50
2012.02.13 17:53:47.752,0.64733,0.64749,1.50,1.50
2012.02.13 17:53:51.743,0.64733,0.6475,1.50,1.50
2012.02.13 17:53:54.934,0.64733,0.64749,1.50,1.50
2012.02.13 17:53:56.397,0.64734,0.64749,1.50,1.50
2012.02.13 17:53:58.786,0.64735,0.64751,1.50,1.50
2012.02.13 17:53:58.978,0.64735,0.64753,1.50,4.28
2012.02.13 17:53:59.287,0.64737,0.64753,1.50,3.75
2012.02.13 17:53:59.742,0.64738,0.64755,1.50,3.75
2012.02.13 17:54:09.013,0.64737,0.64752,1.50,1.50
2012.02.13 17:54:10.904,0.64737,0.64754,1.50,1.50
2012.02.13 17:54:11.423,0.64737,0.64754,1.50,2.25
2012.02.13 17:54:12.066,0.64737,0.64752,1.50,1.50
2012.02.13 17:54:12.855,0.64738,0.64753,1.50,2.25
2012.02.13 17:54:13.048,0.64738,0.64755,1.50,3.75
2012.02.13 17:54:17.148,0.64738,0.64756,1.50,1.50
2012.02.13 17:54:17.539,0.6474,0.64755,1.50,1.50
2012.02.13 17:54:18.057,0.6474,0.64754,1.50,1.50
2012.02.13 17:54:18.595,0.64739,0.64755,1.50,1.50
2012.02.13 17:54:19.104,0.64738,0.64756,3.75,1.50
2012.02.13 17:54:21.035,0.64737,0.64752,3.00,2.25
2012.02.13 17:54:22.206,0.64735,0.64752,3.00,3.75
2012.02.13 17:54:22.406,0.64733,0.64751,4.50,1.50
2012.02.13 17:54:22.965,0.64733,0.64751,3.00,1.50
2012.02.13 17:54:23.722,0.64735,0.64752,1.50,3.75
2012.02.13 17:54:25.430,0.64737,0.64752,1.50,2.25
2012.02.13 17:54:26.264,0.64739,0.64754,1.50,1.50
2012.02.13 17:54:26.343,0.64739,0.64757,1.50,1.50
2012.02.13 17:54:28.105,0.64741,0.64757,1.50,1.50
2012.02.13 17:54:28.870,0.64742,0.64759,1.50,2.03
2012.02.13 17:54:30.569,0.64741,0.64757,1.50,1.50
2012.02.13 17:54:30.694,0.64739,0.64757,1.50,1.50
2012.02.13 17:54:30.826,0.64737,0.64754,2.25,1.50
2012.02.13 17:54:31.255,0.64736,0.64752,2.25,1.50
2012.02.13 17:54:31.805,0.64736,0.64752,1.50,1.50
2012.02.13 17:54:32.773,0.64735,0.64753,2.25,1.50
2012.02.13 17:54:33.333,0.64737,0.64753,2.25,1.50
2012.02.13 17:54:33.696,0.64738,0.64755,1.50,1.50
2012.02.13 17:54:33.767,0.6474,0.64756,1.50,1.50
2012.02.13 17:54:34.284,0.64741,0.64758,1.50,1.50
2012.02.13 17:54:37.174,0.6474,0.64755,1.50,1.50
2012.02.13 17:54:37.250,0.64738,0.64755,1.50,1.50
2012.02.13 17:54:40.237,0.6474,0.64758,1.50,1.50
2012.02.13 17:54:40.645,0.64742,0.64757,1.50,1.50
2012.02.13 17:54:45.150,0.6474,0.64756,3.00,1.50
2012.02.13 17:54:50.473,0.64738,0.64755,1.50,1.50
2012.02.13 17:54:56.467,0.64741,0.64757,1.50,1.50
2012.02.13 17:54:56.784,0.64739,0.64754,1.50,1.50
2012.02.13 17:54:57.113,0.64739,0.64754,2.25,1.50
2012.02.13 17:55:00.641,0.6474,0.64758,2.25,1.50
2012.02.13 17:55:02.671,0.64745,0.64759,1.50,1.50
2012.02.13 17:55:02.977,0.64745,0.64761,1.50,1.50
2012.02.13 17:55:03.165,0.64745,0.64759,1.50,1.50
2012.02.13 17:55:03.487,0.64741,0.64758,2.25,1.50
2012.02.13 17:55:11.476,0.64744,0.6476,1.50,1.50
2012.02.13 17:55:11.838,0.64742,0.64759,2.25,1.50
2012.02.13 17:55:12.411,0.6474,0.64758,1.50,1.50
2012.02.13 17:55:14.946,0.6474,0.64758,2.25,1.50
2012.02.13 17:55:15.286,0.64745,0.6476,1.50,1.50
2012.02.13 17:55:15.355,0.64746,0.64763,1.50,3.75
2012.02.13 17:55:15.757,0.64744,0.64761,3.00,1.50
2012.02.13 17:55:18.045,0.64749,0.64763,1.50,1.50
2012.02.13 17:55:19.521,0.64749,0.64764,1.50,1.50
2012.02.13 17:55:21.943,0.64751,0.64767,1.50,3.00
2012.02.13 17:55:22.427,0.64754,0.6477,1.50,2.25
2012.02.13 17:55:22.736,0.64757,0.64773,1.50,2.25
2012.02.13 17:55:23.237,0.64754,0.6477,1.50,3.00
2012.02.13 17:55:23.304,0.6475,0.64768,1.50,1.50
2012.02.13 17:55:23.897,0.64751,0.64768,1.50,1.50
2012.02.13 17:55:23.963,0.64753,0.64769,1.50,1.50
2012.02.13 17:55:24.154,0.64754,0.64772,1.50,1.50
2012.02.13 17:55:24.444,0.64754,0.6477,1.50,1.50
2012.02.13 17:55:25.062,0.64753,0.6477,1.50,1.50
2012.02.13 17:55:25.824,0.64754,0.6477,1.50,1.50
2012.02.13 17:55:26.418,0.64755,0.64771,1.50,1.50
2012.02.13 17:55:32.796,0.64752,0.64769,3.00,1.50
2012.02.13 17:56:00.937,0.64751,0.64767,1.50,1.50
2012.02.13 17:56:01.010,0.64749,0.64767,2.25,1.50
2012.02.13 17:56:04.514,0.64752,0.64768,1.50,1.50
2012.02.13 17:56:05.145,0.64752,0.64769,1.50,1.50
2012.02.13 17:56:10.050,0.64755,0.64771,1.50,3.00
2012.02.13 17:56:11.186,0.64754,0.6477,1.50,1.50
2012.02.13 17:56:18.818,0.64756,0.64773,1.50,2.25
2012.02.13 17:56:19.596,0.64759,0.64773,1.50,1.50
2012.02.13 17:56:19.664,0.6476,0.64778,1.50,1.50
2012.02.13 17:56:20.709,0.64764,0.64779,1.50,1.50
2012.02.13 17:56:27.294,0.64766,0.64782,1.50,1.50
2012.02.13 17:56:34.445,0.64765,0.64782,1.50,3.75
2012.02.13 17:56:38.437,0.64764,0.64782,3.00,3.75
2012.02.13 17:56:39.524,0.64766,0.64782,1.50,2.25
2012.02.13 17:56:40.897,0.64765,0.64782,1.50,2.25
2012.02.13 17:56:45.430,0.64764,0.64779,3.00,1.50
2012.02.13 17:56:45.860,0.64759,0.64775,3.00,1.50
2012.02.13 17:56:46.157,0.64757,0.64772,1.50,1.50
2012.02.13 17:56:46.286,0.64757,0.64775,1.50,1.50
2012.02.13 17:56:48.593,0.6476,0.64776,1.50,1.50
2012.02.13 17:56:49.085,0.64759,0.64776,1.50,1.50
2012.02.13 17:56:49.399,0.64761,0.64776,1.50,1.50
2012.02.13 17:56:51.134,0.64759,0.64774,1.50,1.50
2012.02.13 17:56:51.626,0.64761,0.64779,1.50,1.50
2012.02.13 17:56:55.715,0.64763,0.64779,1.50,1.50
2012.02.13 17:56:56.899,0.64762,0.64778,3.00,1.50
2012.02.13 17:56:56.971,0.64762,0.6478,3.00,1.50
2012.02.13 17:56:57.506,0.64762,0.64778,1.50,1.50
2012.02.13 17:56:59.334,0.64763,0.64779,1.50,1.50
2012.02.13 17:57:03.337,0.6476,0.64777,3.00,1.50
2012.02.13 17:57:05.159,0.64759,0.64776,1.50,1.50
2012.02.13 17:57:05.548,0.64761,0.64776,1.50,1.50
2012.02.13 17:57:06.092,0.6476,0.64775,1.50,1.50
2012.02.13 17:57:16.546,0.64758,0.64775,5.25,1.50
2012.02.13 17:57:20.815,0.6476,0.64775,1.50,1.50
2012.02.13 17:57:24.835,0.64761,0.64776,1.50,1.50
2012.02.13 17:57:27.530,0.6476,0.64775,1.50,1.50
2012.02.13 17:57:33.481,0.6476,0.64777,1.50,3.00
2012.02.13 17:57:44.825,0.64762,0.64778,1.50,1.50
2012.02.13 17:57:45.539,0.64762,0.64779,1.50,1.50
2012.02.13 17:58:02.583,0.64765,0.6478,1.50,1.50
2012.02.13 17:58:02.763,0.64768,0.64784,1.50,1.50
2012.02.13 17:58:04.245,0.6477,0.64785,1.50,1.50
2012.02.13 17:58:04.745,0.6477,0.64787,1.50,1.50
2012.02.13 17:58:06.394,0.64768,0.64784,1.50,1.50
2012.02.13 17:58:08.965,0.6477,0.64785,1.50,1.50
2012.02.13 17:58:09.527,0.64769,0.64785,1.50,1.50
2012.02.13 17:58:15.594,0.64769,0.64786,1.50,1.50
2012.02.13 17:58:16.683,0.64768,0.64786,1.50,1.50
2012.02.13 17:58:26.727,0.64767,0.64782,1.50,1.50
2012.02.13 17:58:30.168,0.64768,0.64784,1.50,1.50
2012.02.13 17:58:30.238,0.64768,0.64786,1.50,1.50
2012.02.13 17:58:31.537,0.64771,0.64787,1.50,1.50
2012.02.13 17:58:32.205,0.64771,0.64788,1.50,1.50
2012.02.13 17:58:38.588,0.64773,0.64791,1.50,1.50
2012.02.13 17:58:38.994,0.64776,0.64793,1.50,3.00
2012.02.13 17:58:41.379,0.64779,0.64795,1.50,3.00
2012.02.13 17:58:45.901,0.6478,0.64795,1.50,1.50
2012.02.13 17:58:46.101,0.64783,0.64799,1.50,1.50
2012.02.13 17:58:49.375,0.64779,0.64797,1.50,1.50
2012.02.13 17:58:51.413,0.64779,0.64797,2.25,1.50
2012.02.13 17:58:51.957,0.64781,0.64798,2.25,1.50
2012.02.13 17:58:52.189,0.64782,0.648,2.25,1.50
2012.02.13 17:58:52.319,0.64782,0.64797,1.50,1.50
2012.02.13 17:58:52.733,0.6478,0.64797,1.50,1.50
2012.02.13 17:58:53.286,0.64781,0.64798,1.50,1.50
2012.02.13 17:58:54.089,0.64783,0.648,1.50,3.00
2012.02.13 17:58:54.336,0.64785,0.64803,1.50,1.50
2012.02.13 17:59:00.234,0.64784,0.64801,1.50,1.50
2012.02.13 17:59:01.017,0.64784,0.64802,1.50,1.50
2012.02.13 17:59:04.521,0.64789,0.64807,1.50,1.50
2012.02.13 17:59:05.943,0.64789,0.64804,1.50,1.50
2012.02.13 17:59:06.373,0.64785,0.648,1.50,1.50
2012.02.13 17:59:06.927,0.64784,0.648,1.50,1.50
2012.02.13 17:59:07.703,0.64783,0.64799,1.50,1.50
2012.02.13 17:59:08.145,0.64785,0.648,1.50,1.50
2012.02.13 17:59:08.557,0.64783,0.64799,1.50,1.50
2012.02.13 17:59:11.519,0.64781,0.64796,1.50,1.50
2012.02.13 17:59:12.185,0.64778,0.64796,1.50,1.50
2012.02.13 17:59:12.689,0.64779,0.64795,1.50,1.50
2012.02.13 17:59:13.385,0.64778,0.64795,1.50,1.50
2012.02.13 17:59:13.945,0.64778,0.64796,1.50,1.50
2012.02.13 17:59:17.100,0.64779,0.64797,1.50,1.50
2012.02.13 17:59:20.759,0.64783,0.64799,1.50,3.00
2012.02.13 17:59:21.397,0.64787,0.64802,1.50,3.00
2012.02.13 17:59:21.586,0.64789,0.64805,1.50,3.00
2012.02.13 17:59:22.959,0.64788,0.64806,1.50,1.50
2012.02.13 17:59:23.330,0.6479,0.64805,1.50,1.50
2012.02.13 17:59:23.797,0.64787,0.64803,1.50,1.50
2012.02.13 17:59:24.465,0.64784,0.64802,1.50,1.50
2012.02.13 17:59:30.301,0.64784,0.64801,1.50,1.50
2012.02.13 17:59:30.368,0.64783,0.64798,1.50,1.50
2012.02.13 17:59:34.514,0.64784,0.64801,1.50,1.50
2012.02.13 17:59:35.677,0.64783,0.64801,1.50,1.50
2012.02.13 17:59:45.764,0.64785,0.648,1.50,1.50
2012.02.13 17:59:49.508,0.64785,0.648,2.25,1.50
2012.02.13 17:59:50.566,0.64786,0.64803,2.25,1.50
2012.02.13 17:59:50.633,0.64786,0.64801,2.25,1.50
2012.02.13 17:59:51.050,0.6479,0.64805,1.50,1.50
2012.02.13 17:59:52.190,0.6479,0.64807,1.50,1.50
2012.02.13 17:59:52.993,0.64789,0.64806,1.50,1.50
2012.02.13 17:59:53.191,0.64797,0.64808,2.25,1.50
2012.02.13 17:59:53.551,0.64802,0.64808,1.50,1.50
2012.02.13 17:59:53.681,0.64802,0.64817,1.50,1.50
2012.02.13 17:59:54.020,0.64799,0.64805,1.50,1.50
2012.02.13 17:59:54.333,0.6479,0.64805,2.25,1.50
2012.02.13 17:59:54.407,0.64793,0.64808,1.50,1.50
2012.02.13 17:59:54.478,0.64793,0.6481,1.50,3.00
2012.02.13 17:59:55.447,0.64793,0.64808,1.50,1.50
2012.02.13 17:59:56.798,0.64795,0.64809,3.00,1.50
2012.02.13 17:59:56.931,0.64797,0.64813,2.25,1.50
2012.02.13 17:59:57.237,0.64799,0.64814,1.50,1.50
2012.02.13 17:59:57.867,0.64798,0.64814,2.25,1.50
2012.02.13 17:59:58.416,0.64798,0.64813,2.25,1.50
