2012.03.09 10:00:00.621,0.67368,0.67383,1.50,2.25
2012.03.09 10:00:00.804,0.67365,0.67381,1.50,1.50
2012.03.09 10:00:03.009,0.67365,0.67381,2.25,1.50
2012.03.09 10:00:03.333,0.67369,0.67383,1.50,2.25
2012.03.09 10:00:03.624,0.67365,0.67383,2.25,3.75
2012.03.09 10:00:04.244,0.67365,0.67383,1.50,3.75
2012.03.09 10:00:12.583,0.67368,0.67383,1.50,2.25
2012.03.09 10:00:13.068,0.67368,0.67386,3.75,1.50
2012.03.09 10:00:13.133,0.67372,0.67388,1.50,1.50
2012.03.09 10:00:13.649,0.67375,0.67391,1.50,1.50
2012.03.09 10:00:17.381,0.67375,0.67391,2.25,1.50
2012.03.09 10:00:19.504,0.67375,0.67391,1.50,1.50
2012.03.09 10:00:20.810,0.67373,0.67388,1.50,1.50
2012.03.09 10:00:21.331,0.67372,0.67388,1.50,1.50
2012.03.09 10:00:24.087,0.67372,0.67382,1.50,2.25
2012.03.09 10:00:26.875,0.67372,0.67388,1.50,1.50
2012.03.09 10:00:34.755,0.67374,0.67391,1.50,1.50
2012.03.09 10:00:34.945,0.67375,0.67392,2.25,1.50
2012.03.09 10:00:35.135,0.6738,0.67398,1.50,1.50
2012.03.09 10:00:35.329,0.67385,0.67401,1.50,1.50
2012.03.09 10:00:46.332,0.67386,0.67405,1.50,1.50
2012.03.09 10:00:46.925,0.67387,0.67405,2.25,1.50
2012.03.09 10:00:47.235,0.6739,0.67406,1.50,1.50
2012.03.09 10:00:49.235,0.67386,0.67405,1.50,2.25
2012.03.09 10:00:49.437,0.67386,0.67405,1.50,1.50
2012.03.09 10:00:49.886,0.67389,0.67407,1.50,1.50
2012.03.09 10:00:50.504,0.67386,0.67405,1.50,1.50
2012.03.09 10:00:53.843,0.67386,0.67405,1.50,2.25
2012.03.09 10:00:54.178,0.67385,0.67401,1.50,1.50
2012.03.09 10:00:58.067,0.67387,0.67404,1.50,3.00
2012.03.09 10:01:01.833,0.67388,0.67404,1.50,1.50
2012.03.09 10:01:01.910,0.6739,0.67406,1.50,1.50
2012.03.09 10:01:02.219,0.67395,0.67411,2.25,1.50
2012.03.09 10:01:02.989,0.67399,0.67413,1.50,2.25
2012.03.09 10:01:03.139,0.674,0.67418,2.25,1.50
2012.03.09 10:01:03.714,0.67405,0.67418,2.25,1.50
2012.03.09 10:01:04.029,0.67412,0.67422,1.50,1.50
2012.03.09 10:01:04.097,0.67413,0.67432,1.50,1.50
2012.03.09 10:01:04.289,0.67409,0.67427,1.50,1.50
2012.03.09 10:01:04.866,0.67406,0.67424,2.25,1.50
2012.03.09 10:01:05.190,0.6741,0.67426,1.50,1.50
2012.03.09 10:01:05.979,0.67407,0.67423,1.50,1.50
2012.03.09 10:01:09.349,0.67404,0.6742,1.50,1.50
2012.03.09 10:01:11.146,0.67397,0.67415,4.50,1.50
2012.03.09 10:01:12.165,0.67397,0.67415,4.50,1.50
2012.03.09 10:01:12.296,0.67397,0.67415,3.75,1.50
2012.03.09 10:01:12.428,0.67397,0.67415,4.50,1.50
2012.03.09 10:01:12.997,0.674,0.67418,1.50,1.50
2012.03.09 10:01:13.974,0.674,0.67418,2.25,1.50
2012.03.09 10:01:16.673,0.674,0.67418,1.50,1.50
2012.03.09 10:01:17.844,0.674,0.67416,1.50,1.50
2012.03.09 10:01:18.206,0.67398,0.67414,1.50,1.50
2012.03.09 10:01:20.017,0.67396,0.6741,1.50,1.50
2012.03.09 10:01:20.086,0.67394,0.6741,1.50,1.50
2012.03.09 10:01:21.054,0.67399,0.67415,1.50,3.00
2012.03.09 10:01:27.866,0.67399,0.67412,1.50,2.25
2012.03.09 10:01:27.934,0.67396,0.67412,1.50,2.25
2012.03.09 10:01:28.632,0.67396,0.67413,1.50,1.50
2012.03.09 10:01:28.814,0.67399,0.67415,1.50,1.50
2012.03.09 10:01:33.486,0.67402,0.67418,1.50,1.50
2012.03.09 10:01:34.532,0.67405,0.67422,1.50,1.50
2012.03.09 10:01:35.190,0.67405,0.67422,2.25,1.50
2012.03.09 10:01:35.705,0.67405,0.67422,1.50,1.50
2012.03.09 10:01:36.528,0.67405,0.67422,2.25,1.50
2012.03.09 10:01:37.321,0.67405,0.67422,1.50,1.50
2012.03.09 10:01:38.946,0.67402,0.6742,2.25,1.50
2012.03.09 10:02:02.557,0.674,0.67417,1.50,1.50
2012.03.09 10:02:03.083,0.67399,0.67417,1.50,1.50
2012.03.09 10:02:03.770,0.67399,0.67417,2.25,1.50
2012.03.09 10:02:03.975,0.67399,0.67417,1.50,1.50
2012.03.09 10:02:05.315,0.67396,0.67413,3.00,1.50
2012.03.09 10:02:06.707,0.67395,0.67413,1.50,1.50
2012.03.09 10:02:07.422,0.67395,0.67413,2.25,1.50
2012.03.09 10:02:08.184,0.67395,0.67413,1.50,1.50
2012.03.09 10:02:09.117,0.67396,0.67413,2.25,1.50
2012.03.09 10:02:09.188,0.67398,0.67416,1.50,1.50
2012.03.09 10:02:11.425,0.67403,0.67418,1.50,1.50
2012.03.09 10:02:12.053,0.67403,0.67419,1.50,1.50
2012.03.09 10:02:12.868,0.67398,0.67416,5.25,1.50
2012.03.09 10:02:13.429,0.67398,0.67416,1.50,1.50
2012.03.09 10:02:13.497,0.67398,0.67416,2.25,1.50
2012.03.09 10:02:13.747,0.67398,0.67416,1.50,1.50
2012.03.09 10:02:14.863,0.67398,0.67416,2.25,1.50
2012.03.09 10:02:15.178,0.67398,0.67416,2.25,1.50
2012.03.09 10:02:15.677,0.67406,0.67422,2.25,1.50
2012.03.09 10:02:17.430,0.67406,0.67422,1.50,1.50
2012.03.09 10:02:17.836,0.67408,0.67426,1.50,1.50
2012.03.09 10:02:21.477,0.67412,0.67429,3.00,1.50
2012.03.09 10:02:21.787,0.67417,0.67433,1.50,1.50
2012.03.09 10:02:21.915,0.67418,0.67436,1.50,1.50
2012.03.09 10:02:22.354,0.67417,0.67433,2.25,1.50
2012.03.09 10:02:25.311,0.67414,0.67431,1.50,1.50
2012.03.09 10:02:25.444,0.67412,0.67429,3.00,1.50
2012.03.09 10:02:26.007,0.67411,0.67429,1.50,1.50
2012.03.09 10:02:26.336,0.67409,0.67425,1.50,1.50
2012.03.09 10:02:32.657,0.67405,0.67423,2.25,1.50
2012.03.09 10:02:35.774,0.6741,0.67426,1.50,1.50
2012.03.09 10:02:36.097,0.67412,0.67428,1.50,1.50
2012.03.09 10:02:36.167,0.67412,0.6743,1.50,1.50
2012.03.09 10:02:36.365,0.67409,0.67428,1.50,1.50
2012.03.09 10:02:39.322,0.67409,0.67428,2.25,1.50
2012.03.09 10:02:39.391,0.67409,0.67428,1.50,1.50
2012.03.09 10:02:43.433,0.67409,0.67428,2.25,1.50
2012.03.09 10:02:44.604,0.67409,0.67428,1.50,1.50
2012.03.09 10:02:44.764,0.67409,0.67428,2.25,1.50
2012.03.09 10:02:47.927,0.67409,0.67428,1.50,1.50
2012.03.09 10:02:48.174,0.67408,0.67424,3.75,1.50
2012.03.09 10:02:48.304,0.67406,0.67424,2.25,1.50
2012.03.09 10:02:48.435,0.67408,0.67424,2.25,1.50
2012.03.09 10:02:48.888,0.67408,0.67424,3.00,1.50
2012.03.09 10:02:48.957,0.6741,0.67426,2.25,1.50
2012.03.09 10:02:54.665,0.6741,0.67426,1.50,1.50
2012.03.09 10:02:54.735,0.67408,0.67424,2.25,1.50
2012.03.09 10:02:55.085,0.6741,0.67425,2.25,1.50
2012.03.09 10:02:55.613,0.6741,0.67426,2.25,1.50
2012.03.09 10:02:58.735,0.6741,0.67426,1.50,1.50
2012.03.09 10:03:02.482,0.6741,0.67426,2.25,1.50
2012.03.09 10:03:05.448,0.6741,0.67426,1.50,1.50
2012.03.09 10:03:05.858,0.67408,0.67423,2.25,1.50
2012.03.09 10:03:06.165,0.67403,0.67421,4.50,1.50
2012.03.09 10:03:06.476,0.67403,0.67421,3.75,1.50
2012.03.09 10:03:11.846,0.67401,0.67418,3.00,1.50
2012.03.09 10:03:18.214,0.67401,0.67418,2.25,1.50
2012.03.09 10:03:18.285,0.67404,0.67422,2.25,3.75
2012.03.09 10:03:21.753,0.67404,0.67422,1.50,1.50
2012.03.09 10:03:28.745,0.67404,0.67421,1.50,1.50
2012.03.09 10:03:28.816,0.67401,0.67419,2.25,1.50
2012.03.09 10:03:29.153,0.674,0.67415,2.25,1.50
2012.03.09 10:03:29.563,0.674,0.67413,2.25,1.50
2012.03.09 10:03:37.689,0.67396,0.67413,2.25,1.50
2012.03.09 10:03:38.229,0.67396,0.67413,1.50,1.50
2012.03.09 10:03:51.067,0.67394,0.67409,1.50,1.50
2012.03.09 10:03:51.197,0.67391,0.67407,1.50,1.50
2012.03.09 10:03:51.383,0.67387,0.67403,1.50,1.50
2012.03.09 10:03:51.695,0.67384,0.67401,1.50,1.50
2012.03.09 10:03:52.259,0.67383,0.67401,2.25,1.50
2012.03.09 10:03:52.774,0.67383,0.67401,1.50,1.50
2012.03.09 10:03:57.381,0.67381,0.67397,1.50,1.50
2012.03.09 10:04:03.607,0.67375,0.67393,2.25,1.50
2012.03.09 10:04:03.734,0.67375,0.67393,1.50,1.50
2012.03.09 10:04:04.616,0.67369,0.67384,1.50,1.50
2012.03.09 10:04:05.191,0.67368,0.67384,1.50,1.50
2012.03.09 10:04:09.955,0.67368,0.67384,2.25,1.50
2012.03.09 10:04:10.266,0.67368,0.67384,3.75,1.50
2012.03.09 10:04:11.247,0.67368,0.67386,1.50,1.50
2012.03.09 10:04:11.394,0.67368,0.67386,2.25,1.50
2012.03.09 10:04:14.286,0.67368,0.67386,1.50,1.50
2012.03.09 10:04:16.276,0.67368,0.67386,2.25,1.50
2012.03.09 10:04:16.747,0.67368,0.67386,2.25,1.50
2012.03.09 10:04:17.296,0.67372,0.6739,2.25,1.50
2012.03.09 10:04:21.013,0.67372,0.6739,2.25,1.50
2012.03.09 10:04:23.165,0.6737,0.67386,2.25,1.50
2012.03.09 10:04:24.193,0.6737,0.67386,1.50,1.50
2012.03.09 10:04:24.691,0.67366,0.67384,1.50,1.50
2012.03.09 10:04:24.821,0.67364,0.67381,2.25,1.50
2012.03.09 10:04:25.138,0.67362,0.67378,1.50,1.50
2012.03.09 10:04:28.598,0.67362,0.67378,2.25,1.50
2012.03.09 10:04:30.994,0.67362,0.67378,1.50,1.50
2012.03.09 10:04:31.275,0.67362,0.67378,2.25,1.50
2012.03.09 10:04:32.176,0.67362,0.67378,1.50,1.50
2012.03.09 10:04:33.596,0.67364,0.67381,1.50,1.50
2012.03.09 10:04:35.127,0.67361,0.67377,2.25,1.50
2012.03.09 10:04:35.315,0.67363,0.67382,1.50,1.50
2012.03.09 10:04:35.831,0.67361,0.67379,2.25,1.50
2012.03.09 10:04:38.279,0.67363,0.67379,1.50,1.50
2012.03.09 10:04:38.347,0.67364,0.67382,1.50,1.50
2012.03.09 10:04:44.375,0.67361,0.67379,1.50,1.50
2012.03.09 10:04:50.242,0.67365,0.67381,1.50,1.50
2012.03.09 10:04:51.097,0.67362,0.67378,1.50,1.50
2012.03.09 10:04:52.020,0.67362,0.67372,2.25,2.25
2012.03.09 10:04:52.603,0.67358,0.67376,2.25,1.50
2012.03.09 10:04:52.788,0.67361,0.67379,2.25,1.50
2012.03.09 10:04:53.159,0.67364,0.67381,1.50,1.50
2012.03.09 10:04:55.900,0.67361,0.67379,2.25,1.50
2012.03.09 10:04:56.341,0.67363,0.67382,1.50,1.50
2012.03.09 10:04:56.537,0.67363,0.67382,2.25,1.50
2012.03.09 10:04:57.596,0.67363,0.67382,1.50,1.50
2012.03.09 10:04:58.126,0.67361,0.67379,1.50,1.50
2012.03.09 10:05:00.340,0.67359,0.67375,1.50,1.50
2012.03.09 10:05:00.926,0.67359,0.67375,2.25,1.50
2012.03.09 10:05:01.057,0.67362,0.67378,2.25,1.50
2012.03.09 10:05:04.382,0.67362,0.67378,2.25,1.50
2012.03.09 10:05:05.179,0.67363,0.67378,3.00,1.50
2012.03.09 10:05:05.255,0.6737,0.67388,1.50,1.50
2012.03.09 10:05:05.756,0.6737,0.67388,4.50,1.50
2012.03.09 10:05:05.826,0.6737,0.67388,4.50,1.50
2012.03.09 10:05:06.148,0.67376,0.6739,2.25,1.50
2012.03.09 10:05:06.219,0.67376,0.67394,2.25,1.50
2012.03.09 10:05:06.404,0.67375,0.67396,2.25,1.50
2012.03.09 10:05:06.933,0.67375,0.67397,2.25,1.50
2012.03.09 10:05:07.347,0.67375,0.67397,2.25,1.50
2012.03.09 10:05:07.959,0.67375,0.67397,2.25,1.50
2012.03.09 10:05:09.157,0.67379,0.67399,1.50,1.50
2012.03.09 10:05:09.725,0.67379,0.67399,3.75,1.50
2012.03.09 10:05:10.061,0.67381,0.67402,2.25,4.50
2012.03.09 10:05:10.133,0.67384,0.67402,2.25,2.25
2012.03.09 10:05:10.269,0.67387,0.67405,1.50,1.50
2012.03.09 10:05:17.544,0.67387,0.67402,1.50,2.25
2012.03.09 10:05:21.181,0.67385,0.67402,1.50,3.75
2012.03.09 10:05:21.310,0.67384,0.67402,2.25,3.75
2012.03.09 10:05:24.366,0.67384,0.67402,1.50,3.75
2012.03.09 10:05:24.435,0.67382,0.67399,2.25,1.50
2012.03.09 10:05:24.816,0.67381,0.67399,2.25,1.50
2012.03.09 10:05:26.174,0.67381,0.67399,2.25,1.50
2012.03.09 10:05:26.375,0.67381,0.67399,2.25,1.50
2012.03.09 10:05:26.643,0.67381,0.67399,2.25,1.50
2012.03.09 10:05:27.194,0.67381,0.67399,2.25,1.50
2012.03.09 10:05:27.910,0.67381,0.67399,2.25,1.50
2012.03.09 10:05:28.021,0.67381,0.67399,2.25,1.50
2012.03.09 10:05:30.963,0.67381,0.67399,2.25,1.50
2012.03.09 10:05:32.821,0.67381,0.67399,2.25,1.50
2012.03.09 10:05:33.618,0.67381,0.67399,2.25,1.50
2012.03.09 10:05:34.860,0.67381,0.67399,2.25,1.50
2012.03.09 10:05:35.185,0.67381,0.67399,2.25,1.50
2012.03.09 10:05:35.831,0.67381,0.67399,2.25,1.50
2012.03.09 10:05:36.019,0.67381,0.67399,2.25,1.50
2012.03.09 10:05:36.205,0.6738,0.67394,2.25,1.50
2012.03.09 10:05:36.521,0.67378,0.67394,3.75,1.50
2012.03.09 10:05:39.138,0.67375,0.67391,2.25,1.50
2012.03.09 10:05:39.323,0.67378,0.67394,1.50,1.50
2012.03.09 10:05:39.974,0.67378,0.67393,1.50,2.25
2012.03.09 10:05:40.537,0.67378,0.67394,1.50,1.50
2012.03.09 10:05:40.863,0.67375,0.67391,1.50,1.50
2012.03.09 10:05:44.957,0.67372,0.67388,1.50,1.50
2012.03.09 10:05:55.009,0.67372,0.67388,2.25,1.50
2012.03.09 10:05:55.196,0.67374,0.67391,2.25,1.50
2012.03.09 10:05:55.447,0.67378,0.67392,1.50,2.25
2012.03.09 10:06:12.906,0.67378,0.67392,2.25,2.25
2012.03.09 10:06:16.926,0.67378,0.67392,1.50,2.25
2012.03.09 10:06:22.040,0.67378,0.67392,2.25,2.25
2012.03.09 10:06:23.864,0.67378,0.67392,1.50,2.25
2012.03.09 10:06:30.226,0.67374,0.67392,1.50,3.75
2012.03.09 10:06:30.891,0.67372,0.67388,1.50,1.50
2012.03.09 10:06:31.052,0.6737,0.67387,3.00,1.50
2012.03.09 10:06:32.036,0.67372,0.67388,2.25,1.50
2012.03.09 10:07:05.313,0.6737,0.67386,1.50,1.50
2012.03.09 10:07:06.442,0.67371,0.67389,1.50,1.50
2012.03.09 10:07:08.893,0.67371,0.67389,2.25,1.50
2012.03.09 10:07:09.507,0.67371,0.67389,1.50,1.50
2012.03.09 10:07:12.674,0.67371,0.67389,2.25,1.50
2012.03.09 10:07:14.821,0.67373,0.67392,1.50,1.50
2012.03.09 10:07:15.950,0.67376,0.67392,1.50,2.25
2012.03.09 10:07:17.545,0.67376,0.67392,2.25,2.25
2012.03.09 10:07:18.075,0.67376,0.67392,1.50,2.25
2012.03.09 10:07:18.619,0.67376,0.67392,2.25,2.25
2012.03.09 10:07:18.696,0.67376,0.67394,2.25,1.50
2012.03.09 10:07:18.767,0.6738,0.67396,1.50,1.50
2012.03.09 10:07:18.837,0.6738,0.67398,1.50,1.50
2012.03.09 10:07:22.422,0.6738,0.67389,1.50,2.85
2012.03.09 10:07:22.556,0.67377,0.67389,3.75,2.85
2012.03.09 10:07:22.628,0.67368,0.67383,2.25,2.25
2012.03.09 10:07:23.137,0.67372,0.67381,1.50,1.50
2012.03.09 10:07:23.209,0.67372,0.67386,2.25,1.50
2012.03.09 10:07:23.282,0.67372,0.67388,2.25,1.50
2012.03.09 10:07:23.827,0.6737,0.67386,2.25,1.50
2012.03.09 10:07:24.416,0.67372,0.67387,2.25,1.50
2012.03.09 10:07:25.070,0.67372,0.67388,2.25,1.50
2012.03.09 10:07:25.795,0.67372,0.67388,2.25,1.50
2012.03.09 10:07:25.926,0.67372,0.67388,1.50,1.50
2012.03.09 10:07:28.391,0.67374,0.67391,1.50,1.50
2012.03.09 10:07:29.215,0.67374,0.67391,2.25,1.50
2012.03.09 10:07:29.466,0.67374,0.67391,1.50,1.50
2012.03.09 10:07:30.256,0.67374,0.67389,1.50,1.50
2012.03.09 10:07:30.788,0.67374,0.6739,1.50,1.50
2012.03.09 10:07:31.105,0.67372,0.67388,1.50,1.50
2012.03.09 10:07:31.176,0.6737,0.67388,1.50,1.50
2012.03.09 10:07:33.544,0.67373,0.67389,1.50,1.50
2012.03.09 10:07:33.614,0.67373,0.67391,1.50,1.50
2012.03.09 10:07:34.287,0.67376,0.67393,1.50,2.25
2012.03.09 10:07:34.594,0.67379,0.67396,1.50,1.50
2012.03.09 10:07:35.527,0.67376,0.67394,3.75,1.50
2012.03.09 10:07:36.495,0.67376,0.67392,2.25,2.25
2012.03.09 10:07:37.260,0.67376,0.67394,2.25,1.50
2012.03.09 10:07:37.587,0.67378,0.67396,1.50,1.50
2012.03.09 10:07:38.178,0.67378,0.67397,1.50,1.50
2012.03.09 10:07:40.708,0.67381,0.67399,1.50,3.00
2012.03.09 10:07:41.147,0.67379,0.67396,1.50,1.50
2012.03.09 10:07:42.352,0.67381,0.67399,1.50,3.00
2012.03.09 10:07:44.845,0.67379,0.67396,1.50,1.50
2012.03.09 10:07:45.541,0.67378,0.67396,1.50,1.50
2012.03.09 10:07:45.868,0.67375,0.67391,1.50,1.50
2012.03.09 10:07:48.574,0.67375,0.67391,2.25,1.50
2012.03.09 10:07:51.286,0.67378,0.67392,1.50,2.25
2012.03.09 10:07:51.356,0.67378,0.67396,1.50,1.50
2012.03.09 10:07:53.554,0.67376,0.67393,2.25,3.75
2012.03.09 10:07:54.298,0.67375,0.67393,1.50,3.75
2012.03.09 10:07:58.537,0.67375,0.67393,2.25,3.75
2012.03.09 10:07:59.295,0.67375,0.67393,1.50,3.75
2012.03.09 10:07:59.676,0.67375,0.67393,2.25,3.75
2012.03.09 10:08:02.153,0.67375,0.67393,1.50,3.75
2012.03.09 10:08:02.236,0.67379,0.67395,1.50,1.50
2012.03.09 10:08:02.623,0.67379,0.67393,1.50,2.25
2012.03.09 10:08:07.581,0.67375,0.67393,2.25,3.75
2012.03.09 10:08:12.402,0.67379,0.67393,1.50,2.25
2012.03.09 10:08:19.976,0.67375,0.67389,1.50,1.50
2012.03.09 10:08:20.049,0.67371,0.67387,3.75,1.50
2012.03.09 10:08:20.115,0.67373,0.67391,1.50,1.50
2012.03.09 10:08:24.477,0.67373,0.67391,2.25,1.50
2012.03.09 10:08:25.852,0.67376,0.67393,2.25,3.75
2012.03.09 10:08:32.109,0.67374,0.6739,2.25,1.50
2012.03.09 10:08:36.161,0.67374,0.6739,1.50,1.50
2012.03.09 10:08:36.933,0.67374,0.6739,2.25,1.50
2012.03.09 10:08:37.045,0.67374,0.6739,1.50,1.50
2012.03.09 10:08:37.624,0.67374,0.6739,2.25,1.50
2012.03.09 10:08:38.665,0.67374,0.6739,1.50,1.50
2012.03.09 10:08:39.186,0.67374,0.6739,2.25,1.50
2012.03.09 10:08:39.256,0.67374,0.6739,1.50,1.50
2012.03.09 10:08:42.544,0.67374,0.6739,2.25,1.50
2012.03.09 10:08:47.600,0.67374,0.67393,2.25,2.25
2012.03.09 10:08:49.383,0.67377,0.67393,1.50,3.75
2012.03.09 10:08:57.257,0.67377,0.67393,2.25,3.75
2012.03.09 10:09:01.101,0.67379,0.67396,2.25,1.50
2012.03.09 10:09:01.757,0.67382,0.67398,1.50,1.50
2012.03.09 10:09:01.945,0.67382,0.67398,2.25,1.50
2012.03.09 10:09:02.077,0.67386,0.67402,2.25,1.50
2012.03.09 10:09:05.200,0.67383,0.674,1.50,1.50
2012.03.09 10:09:05.704,0.67382,0.674,1.50,1.50
2012.03.09 10:09:06.905,0.67382,0.674,2.25,1.50
2012.03.09 10:09:07.155,0.67386,0.67402,2.25,1.50
2012.03.09 10:09:09.427,0.67386,0.67402,1.50,1.50
2012.03.09 10:09:20.355,0.67382,0.674,2.25,1.50
2012.03.09 10:09:22.017,0.67379,0.67397,2.25,1.50
2012.03.09 10:09:23.398,0.67379,0.67397,1.50,1.50
2012.03.09 10:09:25.046,0.67379,0.67397,2.25,1.50
2012.03.09 10:09:29.053,0.67379,0.67397,1.50,1.50
2012.03.09 10:09:31.514,0.67381,0.67397,1.50,1.50
2012.03.09 10:09:31.586,0.67382,0.674,2.25,1.50
2012.03.09 10:09:33.079,0.67382,0.674,2.25,1.50
2012.03.09 10:09:33.406,0.67382,0.674,1.50,1.50
2012.03.09 10:09:50.945,0.67379,0.67397,1.50,1.50
2012.03.09 10:10:02.230,0.67379,0.67395,1.50,2.25
2012.03.09 10:10:02.589,0.67377,0.67392,1.50,1.50
2012.03.09 10:10:02.687,0.67371,0.67387,1.50,1.50
2012.03.09 10:10:03.271,0.67371,0.67387,2.25,1.50
2012.03.09 10:10:04.263,0.67371,0.67387,2.25,1.50
2012.03.09 10:10:07.285,0.67371,0.67387,2.25,1.50
2012.03.09 10:10:08.057,0.67371,0.67387,1.50,1.50
2012.03.09 10:10:08.557,0.67368,0.67385,2.25,1.50
2012.03.09 10:10:08.780,0.6737,0.67386,1.50,1.50
2012.03.09 10:10:09.802,0.6737,0.67387,1.50,1.50
2012.03.09 10:10:10.356,0.6737,0.67387,2.25,1.50
2012.03.09 10:10:11.861,0.6737,0.67387,1.50,1.50
2012.03.09 10:10:12.516,0.6737,0.67387,2.25,1.50
2012.03.09 10:10:13.527,0.6737,0.67386,1.50,1.50
2012.03.09 10:10:13.596,0.67368,0.67385,2.25,1.50
2012.03.09 10:10:14.254,0.67372,0.6739,1.50,1.50
2012.03.09 10:10:17.783,0.67372,0.67389,1.50,1.50
2012.03.09 10:10:17.861,0.6737,0.67387,2.25,1.50
2012.03.09 10:10:19.015,0.6737,0.67387,1.50,1.50
2012.03.09 10:10:28.714,0.6737,0.67387,1.50,2.25
2012.03.09 10:10:29.250,0.67359,0.67375,2.25,1.50
2012.03.09 10:10:31.455,0.67359,0.67375,1.50,1.50
2012.03.09 10:10:32.038,0.67359,0.67373,1.50,2.25
2012.03.09 10:10:32.697,0.67359,0.67373,2.25,2.25
2012.03.09 10:10:32.947,0.67359,0.67375,2.25,1.50
2012.03.09 10:10:33.018,0.67359,0.67375,1.50,1.50
2012.03.09 10:10:33.298,0.67359,0.67375,2.25,1.50
2012.03.09 10:10:34.735,0.67359,0.67375,1.50,1.50
2012.03.09 10:10:34.927,0.67359,0.67372,1.50,2.25
2012.03.09 10:10:35.231,0.67356,0.67372,2.25,3.75
2012.03.09 10:10:36.277,0.67356,0.67372,1.50,3.75
2012.03.09 10:10:40.793,0.67356,0.67372,2.25,3.75
2012.03.09 10:10:41.294,0.67356,0.67372,1.50,3.75
2012.03.09 10:10:44.251,0.67356,0.67372,2.25,3.75
2012.03.09 10:10:45.027,0.67356,0.67372,1.50,3.75
2012.03.09 10:10:46.807,0.67352,0.67368,1.50,1.50
2012.03.09 10:10:46.876,0.67348,0.67366,3.00,1.50
2012.03.09 10:10:48.073,0.67348,0.67363,1.50,2.25
2012.03.09 10:10:48.375,0.67348,0.67366,1.50,1.50
2012.03.09 10:10:48.505,0.67348,0.67366,2.25,1.50
2012.03.09 10:10:48.780,0.67348,0.67366,1.50,1.50
2012.03.09 10:10:48.927,0.67348,0.67366,2.25,1.50
2012.03.09 10:10:49.126,0.67348,0.67366,1.50,1.50
2012.03.09 10:10:50.230,0.67348,0.67366,2.25,1.50
2012.03.09 10:10:56.534,0.67352,0.67368,2.25,3.00
2012.03.09 10:10:59.337,0.6735,0.67365,2.25,1.50
2012.03.09 10:11:02.876,0.67349,0.67365,2.25,1.50
2012.03.09 10:11:21.865,0.67351,0.67367,2.25,1.50
2012.03.09 10:11:21.934,0.67351,0.67369,2.25,1.50
2012.03.09 10:11:25.266,0.67349,0.67365,1.50,1.50
2012.03.09 10:11:25.635,0.67349,0.67363,1.50,2.25
2012.03.09 10:11:26.076,0.67349,0.67365,1.50,1.50
2012.03.09 10:11:26.144,0.67349,0.67365,2.25,1.50
2012.03.09 10:11:26.578,0.67349,0.67365,1.50,1.50
2012.03.09 10:11:27.925,0.67349,0.67365,2.25,1.50
2012.03.09 10:11:28.065,0.67352,0.67367,1.50,1.50
2012.03.09 10:11:29.204,0.67352,0.67368,1.50,1.50
2012.03.09 10:11:47.876,0.67352,0.67368,2.25,1.50
2012.03.09 10:11:48.610,0.67355,0.6737,2.25,1.50
2012.03.09 10:11:49.127,0.67355,0.67371,2.25,1.50
2012.03.09 10:11:49.649,0.67359,0.67372,1.50,2.25
2012.03.09 10:11:50.567,0.67359,0.67375,1.50,1.50
2012.03.09 10:11:51.225,0.67359,0.67372,1.50,2.25
2012.03.09 10:11:53.799,0.67355,0.67372,1.50,2.25
2012.03.09 10:11:54.229,0.67358,0.67373,3.00,1.50
2012.03.09 10:11:54.300,0.6736,0.67379,2.25,1.50
2012.03.09 10:11:54.546,0.67364,0.6738,1.50,1.50
2012.03.09 10:11:58.945,0.67361,0.67373,1.50,2.25
2012.03.09 10:11:59.079,0.67361,0.67377,1.50,1.50
2012.03.09 10:12:02.477,0.67361,0.67372,1.50,2.25
2012.03.09 10:12:05.567,0.67357,0.67372,2.25,2.25
2012.03.09 10:12:13.785,0.67357,0.67373,1.50,3.75
2012.03.09 10:12:14.304,0.67357,0.67371,1.50,1.50
2012.03.09 10:12:14.378,0.67352,0.67368,1.50,1.50
2012.03.09 10:12:32.577,0.67349,0.67367,2.25,1.50
2012.03.09 10:12:32.648,0.67355,0.67372,1.50,2.25
2012.03.09 10:12:33.265,0.67355,0.67372,2.25,2.25
2012.03.09 10:12:34.822,0.67355,0.67372,1.50,2.25
2012.03.09 10:12:35.596,0.67353,0.67369,1.50,1.50
2012.03.09 10:12:36.163,0.67353,0.67367,1.50,1.50
2012.03.09 10:12:36.708,0.67347,0.67365,2.25,1.50
2012.03.09 10:12:41.887,0.67347,0.67365,2.25,1.50
2012.03.09 10:12:42.478,0.67347,0.67362,2.25,2.25
2012.03.09 10:12:43.086,0.67351,0.67367,2.25,1.50
2012.03.09 10:12:43.365,0.67354,0.67369,1.50,1.50
2012.03.09 10:12:43.907,0.67354,0.6737,1.50,1.50
2012.03.09 10:12:46.627,0.67349,0.67365,1.50,1.50
2012.03.09 10:12:47.712,0.67346,0.67362,2.25,3.75
2012.03.09 10:12:58.030,0.67346,0.67362,2.25,3.75
2012.03.09 10:12:58.575,0.67346,0.67362,2.25,3.75
2012.03.09 10:13:00.618,0.67346,0.67362,2.25,3.75
2012.03.09 10:13:01.126,0.67346,0.67362,2.25,3.75
2012.03.09 10:13:05.155,0.67348,0.67362,1.50,2.25
2012.03.09 10:13:06.296,0.67348,0.67362,2.25,2.25
2012.03.09 10:13:07.286,0.6735,0.67365,2.25,1.50
2012.03.09 10:13:07.362,0.67352,0.67368,2.25,1.50
2012.03.09 10:13:07.559,0.67358,0.67373,1.50,2.25
2012.03.09 10:13:07.691,0.67358,0.67376,2.25,1.50
2012.03.09 10:13:07.761,0.67365,0.67381,1.50,1.50
2012.03.09 10:13:08.008,0.67365,0.67381,2.25,1.50
2012.03.09 10:13:08.738,0.67369,0.67385,1.50,1.50
2012.03.09 10:13:17.017,0.67366,0.67382,1.50,1.50
2012.03.09 10:13:17.326,0.67363,0.6738,1.50,1.50
2012.03.09 10:13:17.534,0.6736,0.67377,1.50,1.50
2012.03.09 10:13:18.041,0.67359,0.67377,1.50,1.50
2012.03.09 10:13:19.917,0.67358,0.67375,2.25,1.50
2012.03.09 10:13:20.309,0.67359,0.67377,1.50,1.50
2012.03.09 10:13:21.771,0.67356,0.67375,2.25,1.50
2012.03.09 10:13:25.064,0.67356,0.67375,1.50,1.50
2012.03.09 10:13:25.395,0.67356,0.67373,1.50,4.50
2012.03.09 10:13:25.857,0.67349,0.67367,1.50,1.50
2012.03.09 10:13:26.929,0.67352,0.67369,1.50,1.50
2012.03.09 10:13:27.239,0.67348,0.67366,2.10,1.50
2012.03.09 10:13:27.429,0.67347,0.67362,2.25,1.50
2012.03.09 10:13:27.995,0.67346,0.67362,3.00,3.75
2012.03.09 10:13:28.096,0.67342,0.67361,2.25,1.50
2012.03.09 10:13:28.384,0.67346,0.67362,1.50,1.50
2012.03.09 10:13:29.418,0.67342,0.67361,1.50,1.50
2012.03.09 10:13:31.167,0.67342,0.67361,1.50,2.25
2012.03.09 10:13:31.718,0.67343,0.6736,1.50,3.75
2012.03.09 10:13:32.236,0.67343,0.6736,1.50,3.75
2012.03.09 10:13:32.548,0.67338,0.67354,1.50,1.50
2012.03.09 10:13:33.109,0.67337,0.67353,1.50,1.50
2012.03.09 10:13:35.809,0.67335,0.67351,1.50,1.50
2012.03.09 10:13:36.348,0.67334,0.67351,1.50,1.50
2012.03.09 10:13:37.861,0.67334,0.67351,2.25,1.50
2012.03.09 10:13:38.171,0.67343,0.67357,1.50,2.25
2012.03.09 10:13:38.242,0.67343,0.6736,1.50,1.99
2012.03.09 10:13:38.771,0.67343,0.6736,1.50,1.50
2012.03.09 10:13:42.568,0.67345,0.67362,1.50,2.25
2012.03.09 10:13:43.483,0.67345,0.67363,1.50,1.50
2012.03.09 10:13:43.794,0.67343,0.6736,1.50,1.50
2012.03.09 10:13:44.109,0.67341,0.67357,1.50,1.50
2012.03.09 10:13:49.142,0.67342,0.67361,1.50,1.50
2012.03.09 10:13:49.848,0.67341,0.67358,2.25,1.50
2012.03.09 10:13:50.502,0.67339,0.67355,1.50,1.50
2012.03.09 10:13:51.048,0.67342,0.67357,1.50,1.50
2012.03.09 10:13:51.309,0.67344,0.67362,1.50,1.50
2012.03.09 10:13:51.499,0.67343,0.67357,1.50,1.50
2012.03.09 10:13:51.569,0.67339,0.67357,1.50,1.50
2012.03.09 10:13:57.119,0.67338,0.67353,1.50,1.50
2012.03.09 10:13:57.426,0.67331,0.67349,1.50,1.50
2012.03.09 10:13:57.617,0.67328,0.67346,2.25,1.50
2012.03.09 10:13:58.343,0.67332,0.67348,1.50,1.50
2012.03.09 10:14:01.648,0.67327,0.67343,2.25,1.50
2012.03.09 10:14:01.717,0.67325,0.67343,1.50,1.50
2012.03.09 10:14:01.969,0.67323,0.67339,3.00,1.50
2012.03.09 10:14:03.540,0.6732,0.67338,4.50,1.50
2012.03.09 10:14:03.665,0.6732,0.67338,1.50,1.50
2012.03.09 10:14:03.857,0.67317,0.67334,2.25,1.50
2012.03.09 10:14:04.287,0.67315,0.67333,1.50,2.25
2012.03.09 10:14:04.595,0.67314,0.67328,1.50,1.50
2012.03.09 10:14:04.665,0.67311,0.67328,3.00,1.50
2012.03.09 10:14:04.735,0.67311,0.67328,3.00,1.50
2012.03.09 10:14:04.805,0.67313,0.67331,2.25,3.00
2012.03.09 10:14:05.387,0.67313,0.67331,1.50,1.50
2012.03.09 10:14:10.605,0.67311,0.67327,1.50,1.50
2012.03.09 10:14:11.175,0.67308,0.67324,1.50,1.50
2012.03.09 10:14:13.844,0.67305,0.67322,2.25,1.50
2012.03.09 10:14:14.338,0.67304,0.67322,2.25,3.75
2012.03.09 10:14:15.456,0.67307,0.67322,1.50,2.25
2012.03.09 10:14:18.653,0.67304,0.67322,2.25,3.75
2012.03.09 10:14:19.642,0.67304,0.67322,2.25,3.75
2012.03.09 10:14:20.327,0.67308,0.67322,3.00,1.50
2012.03.09 10:14:20.396,0.67308,0.67326,3.75,1.50
2012.03.09 10:14:24.954,0.67311,0.67328,1.50,1.50
2012.03.09 10:14:29.586,0.67308,0.67326,1.50,1.50
2012.03.09 10:14:34.760,0.67308,0.67326,2.25,1.50
2012.03.09 10:14:35.416,0.67311,0.67328,2.25,1.50
2012.03.09 10:14:40.531,0.67309,0.67325,2.25,1.50
2012.03.09 10:14:40.720,0.67311,0.67328,2.25,3.00
2012.03.09 10:14:40.999,0.67314,0.67331,1.50,1.50
2012.03.09 10:14:41.598,0.67314,0.67332,1.50,1.50
2012.03.09 10:14:42.264,0.67314,0.67332,2.25,1.50
2012.03.09 10:14:42.738,0.67314,0.67332,1.50,1.50
2012.03.09 10:14:48.014,0.67314,0.67332,2.25,1.50
2012.03.09 10:14:51.938,0.67314,0.67332,1.50,1.50
2012.03.09 10:15:01.846,0.67312,0.67328,2.25,1.50
2012.03.09 10:15:11.549,0.67316,0.67328,2.25,1.50
2012.03.09 10:15:11.859,0.67318,0.67328,2.25,1.50
2012.03.09 10:15:12.049,0.67318,0.67342,3.00,2.25
2012.03.09 10:15:13.536,0.6732,0.67349,3.00,2.85
2012.03.09 10:15:14.261,0.6732,0.67346,3.00,1.50
2012.03.09 10:15:14.329,0.67317,0.67343,5.10,2.25
2012.03.09 10:15:14.399,0.67317,0.67343,5.10,3.00
2012.03.09 10:15:16.743,0.67317,0.67343,3.00,4.50
2012.03.09 10:15:17.232,0.67318,0.67343,3.00,2.25
2012.03.09 10:15:17.539,0.67323,0.67343,1.50,3.75
2012.03.09 10:15:21.415,0.67311,0.67328,2.25,1.50
2012.03.09 10:15:21.736,0.67308,0.67326,1.50,1.50
2012.03.09 10:15:24.039,0.6731,0.67328,1.50,1.50
2012.03.09 10:15:24.424,0.67313,0.67331,1.50,3.00
2012.03.09 10:15:24.999,0.6731,0.67329,1.50,1.50
2012.03.09 10:15:25.310,0.67318,0.67329,2.25,1.50
2012.03.09 10:15:25.377,0.67318,0.67334,2.25,2.25
2012.03.09 10:15:25.448,0.67318,0.67334,3.00,1.50
2012.03.09 10:15:25.579,0.67322,0.67338,1.50,1.99
2012.03.09 10:15:26.672,0.67325,0.6734,1.50,1.50
2012.03.09 10:15:26.795,0.67321,0.67339,1.50,1.50
2012.03.09 10:15:27.295,0.67324,0.67342,1.50,1.50
2012.03.09 10:15:38.971,0.67321,0.67337,2.25,1.50
2012.03.09 10:15:39.329,0.67323,0.67341,1.50,1.50
2012.03.09 10:15:40.457,0.67328,0.67341,1.50,1.50
2012.03.09 10:15:40.664,0.67339,0.67357,1.50,2.25
2012.03.09 10:15:40.731,0.67339,0.67357,1.50,1.50
2012.03.09 10:15:40.915,0.67341,0.67357,1.50,1.50
2012.03.09 10:15:40.988,0.67342,0.6736,1.50,1.50
2012.03.09 10:15:43.291,0.67345,0.67361,1.50,1.50
2012.03.09 10:15:43.784,0.67345,0.67363,1.50,1.50
2012.03.09 10:15:44.292,0.67347,0.67366,1.50,1.50
2012.03.09 10:15:44.475,0.67351,0.67367,1.50,5.25
2012.03.09 10:15:45.364,0.67349,0.67366,1.50,1.50
2012.03.09 10:15:45.437,0.67347,0.67362,1.50,2.25
2012.03.09 10:15:47.987,0.67347,0.67362,2.25,2.25
2012.03.09 10:15:48.177,0.67355,0.67372,1.50,2.25
2012.03.09 10:15:48.685,0.67355,0.67373,2.25,3.75
2012.03.09 10:15:49.208,0.67362,0.67373,1.50,2.25
2012.03.09 10:15:49.285,0.67359,0.67373,1.50,2.25
2012.03.09 10:15:49.830,0.67359,0.67375,1.50,1.50
2012.03.09 10:15:49.958,0.67359,0.67373,1.50,2.25
2012.03.09 10:15:50.031,0.67356,0.67372,1.50,1.50
2012.03.09 10:15:50.626,0.67353,0.6737,1.50,1.50
2012.03.09 10:15:52.572,0.67353,0.67369,1.50,1.50
2012.03.09 10:15:52.634,0.6735,0.67368,1.50,1.50
2012.03.09 10:15:52.828,0.6735,0.67368,2.25,1.50
2012.03.09 10:15:53.080,0.67361,0.6738,1.50,1.50
2012.03.09 10:15:53.709,0.67361,0.6738,1.50,2.25
2012.03.09 10:15:54.227,0.67361,0.6738,1.50,1.50
2012.03.09 10:15:54.738,0.67361,0.6738,4.50,1.50
2012.03.09 10:15:55.003,0.67365,0.67381,1.50,1.50
2012.03.09 10:15:55.510,0.67365,0.67382,1.50,2.25
2012.03.09 10:15:56.723,0.67365,0.67383,1.50,1.50
2012.03.09 10:15:57.975,0.67365,0.67382,1.50,2.25
2012.03.09 10:15:58.918,0.67365,0.67383,1.50,1.50
2012.03.09 10:16:04.756,0.67365,0.67382,1.50,2.25
2012.03.09 10:16:05.499,0.67365,0.67383,1.50,1.50
2012.03.09 10:16:07.211,0.67365,0.67382,1.50,2.25
2012.03.09 10:16:07.708,0.67365,0.67382,2.25,2.25
2012.03.09 10:16:08.235,0.67365,0.67383,1.50,1.50
2012.03.09 10:16:08.537,0.67365,0.67383,2.25,3.75
2012.03.09 10:16:09.485,0.67363,0.67372,1.50,2.25
2012.03.09 10:16:09.536,0.6736,0.67372,1.50,2.25
2012.03.09 10:16:09.917,0.6736,0.67376,1.50,1.50
2012.03.09 10:16:10.106,0.67362,0.67379,1.50,1.50
2012.03.09 10:16:10.360,0.6736,0.67376,1.50,1.50
2012.03.09 10:16:13.358,0.67358,0.67374,1.50,1.50
2012.03.09 10:16:13.864,0.67357,0.67373,1.50,2.25
2012.03.09 10:16:14.350,0.67355,0.67371,1.50,1.50
2012.03.09 10:16:16.988,0.67355,0.67371,1.50,2.25
2012.03.09 10:16:17.060,0.67348,0.67369,1.50,2.25
2012.03.09 10:16:17.308,0.67345,0.67367,1.50,1.50
2012.03.09 10:16:17.836,0.67343,0.67367,3.75,1.50
2012.03.09 10:16:18.411,0.67339,0.67369,4.50,3.00
2012.03.09 10:16:27.486,0.67339,0.67368,3.75,3.00
2012.03.09 10:16:27.688,0.67339,0.67368,2.25,3.49
2012.03.09 10:16:27.820,0.67339,0.67362,2.25,2.25
2012.03.09 10:16:27.947,0.67339,0.67362,1.50,2.25
2012.03.09 10:16:28.017,0.67339,0.67362,2.25,2.25
2012.03.09 10:16:28.265,0.67336,0.67362,3.00,2.25
2012.03.09 10:16:28.337,0.67336,0.67367,3.00,2.59
2012.03.09 10:16:28.842,0.67338,0.67367,2.25,2.10
2012.03.09 10:16:29.813,0.6734,0.67367,2.25,2.10
2012.03.09 10:16:30.147,0.67335,0.67361,1.35,1.50
2012.03.09 10:16:30.217,0.67332,0.67361,3.75,1.50
2012.03.09 10:16:30.288,0.67332,0.67357,4.50,1.50
2012.03.09 10:16:30.628,0.67335,0.67352,1.50,1.50
2012.03.09 10:16:30.898,0.67333,0.67352,1.50,1.50
2012.03.09 10:16:31.508,0.67331,0.67349,1.50,1.50
2012.03.09 10:16:33.989,0.67331,0.67347,1.50,1.50
2012.03.09 10:16:34.120,0.67325,0.67343,1.50,1.50
2012.03.09 10:16:34.188,0.67323,0.67339,2.25,1.50
2012.03.09 10:16:34.910,0.67318,0.67334,1.50,1.50
2012.03.09 10:16:35.566,0.67319,0.67338,1.50,1.50
2012.03.09 10:16:37.380,0.67321,0.67338,1.50,1.50
2012.03.09 10:16:37.447,0.67323,0.67341,1.50,1.50
2012.03.09 10:16:38.205,0.67321,0.67337,1.50,1.50
2012.03.09 10:16:38.346,0.67322,0.6734,1.50,1.50
2012.03.09 10:16:45.876,0.67329,0.6734,2.25,1.50
2012.03.09 10:16:45.948,0.67329,0.67343,2.25,1.50
2012.03.09 10:16:46.016,0.67335,0.67343,1.50,1.50
2012.03.09 10:16:46.329,0.67341,0.67353,4.50,1.24
2012.03.09 10:16:46.519,0.67351,0.67369,1.50,1.50
2012.03.09 10:16:47.161,0.67355,0.67375,1.50,1.50
2012.03.09 10:16:51.329,0.67356,0.67375,1.50,1.50
2012.03.09 10:16:51.397,0.67358,0.67378,1.50,1.50
2012.03.09 10:16:53.261,0.67358,0.67378,2.25,1.50
2012.03.09 10:16:54.168,0.67357,0.67372,1.50,2.25
2012.03.09 10:16:54.480,0.67357,0.67362,1.50,2.25
2012.03.09 10:16:54.669,0.67357,0.67371,1.50,2.40
2012.03.09 10:16:54.735,0.67357,0.67371,1.50,3.15
2012.03.09 10:16:55.107,0.67338,0.67371,3.60,4.50
2012.03.09 10:16:55.758,0.67338,0.67363,2.25,2.25
2012.03.09 10:16:55.834,0.67338,0.67368,2.25,2.25
2012.03.09 10:16:55.962,0.67338,0.67368,3.00,2.25
2012.03.09 10:16:58.782,0.67338,0.67362,3.00,2.25
2012.03.09 10:16:59.210,0.67338,0.67367,3.00,1.50
2012.03.09 10:16:59.398,0.67348,0.67366,2.25,1.50
2012.03.09 10:16:59.924,0.67346,0.67364,1.50,1.50
2012.03.09 10:17:00.240,0.67346,0.67362,3.75,1.50
2012.03.09 10:17:00.427,0.67348,0.67366,1.50,1.50
2012.03.09 10:17:03.420,0.67345,0.67363,2.25,1.50
2012.03.09 10:17:03.926,0.67348,0.67366,1.50,1.50
2012.03.09 10:17:08.497,0.67348,0.67366,2.25,1.50
2012.03.09 10:17:10.715,0.67348,0.67366,1.50,1.50
2012.03.09 10:17:11.030,0.67345,0.67363,2.25,1.50
2012.03.09 10:17:11.340,0.67342,0.67361,2.25,1.50
2012.03.09 10:17:12.048,0.67342,0.67361,2.25,1.50
2012.03.09 10:17:12.910,0.67345,0.67363,1.50,3.00
2012.03.09 10:17:14.002,0.67344,0.67361,1.50,1.50
2012.03.09 10:17:14.066,0.67342,0.67361,2.25,1.50
2012.03.09 10:17:18.288,0.67346,0.67362,1.50,1.50
2012.03.09 10:17:22.871,0.67344,0.67361,1.50,1.50
2012.03.09 10:17:22.935,0.67342,0.67361,1.50,1.50
2012.03.09 10:17:27.037,0.67341,0.67357,1.50,1.50
2012.03.09 10:17:28.491,0.67342,0.6736,1.50,1.50
2012.03.09 10:17:29.078,0.67342,0.67361,1.50,1.50
2012.03.09 10:17:29.729,0.67342,0.67361,2.25,1.50
2012.03.09 10:17:29.915,0.67345,0.67363,2.25,1.50
2012.03.09 10:17:30.999,0.67345,0.67363,1.50,1.50
2012.03.09 10:17:31.972,0.67345,0.67363,2.25,1.50
2012.03.09 10:17:34.689,0.67345,0.67363,1.50,1.50
2012.03.09 10:17:35.657,0.67345,0.67363,2.25,1.50
2012.03.09 10:17:36.209,0.67345,0.67363,1.50,1.50
2012.03.09 10:17:38.453,0.67339,0.67367,2.10,3.00
2012.03.09 10:17:38.947,0.67339,0.67367,1.35,2.25
2012.03.09 10:17:39.600,0.67348,0.67367,2.25,2.25
2012.03.09 10:17:40.842,0.67348,0.67372,2.25,3.00
2012.03.09 10:17:54.991,0.67348,0.6737,2.25,4.50
2012.03.09 10:17:55.065,0.6734,0.67363,3.00,3.15
2012.03.09 10:17:55.751,0.67338,0.67361,3.00,3.00
2012.03.09 10:17:56.016,0.67338,0.67361,2.25,3.00
2012.03.09 10:18:14.903,0.67338,0.67362,2.25,3.00
2012.03.09 10:18:19.813,0.67333,0.67362,1.35,3.49
2012.03.09 10:18:19.882,0.67337,0.67362,2.25,1.24
2012.03.09 10:18:21.209,0.67337,0.67363,2.25,3.00
2012.03.09 10:18:21.899,0.67332,0.67362,3.60,3.49
2012.03.09 10:18:24.033,0.67331,0.67361,3.45,3.00
2012.03.09 10:18:24.157,0.67332,0.67362,1.35,3.49
2012.03.09 10:18:25.075,0.67331,0.67362,3.45,3.00
2012.03.09 10:18:25.283,0.67331,0.67362,4.95,3.00
2012.03.09 10:18:25.680,0.67332,0.67362,1.35,2.25
2012.03.09 10:18:26.229,0.67337,0.67363,3.00,3.00
2012.03.09 10:18:26.755,0.67337,0.67363,3.00,3.00
2012.03.09 10:18:26.976,0.67337,0.67363,2.25,3.00
2012.03.09 10:18:28.644,0.67334,0.67362,1.50,3.00
2012.03.09 10:18:28.707,0.67331,0.67362,5.10,3.00
2012.03.09 10:18:29.250,0.67331,0.67353,2.25,3.00
2012.03.09 10:18:31.077,0.67328,0.67353,1.50,3.00
2012.03.09 10:18:31.943,0.67327,0.67353,6.15,3.00
2012.03.09 10:18:33.437,0.67327,0.67353,6.15,2.25
2012.03.09 10:18:33.630,0.67332,0.6736,2.25,1.35
2012.03.09 10:18:39.538,0.67331,0.67359,1.50,3.00
2012.03.09 10:18:40.145,0.67329,0.67358,3.00,1.50
2012.03.09 10:18:40.216,0.67329,0.67352,3.00,2.25
2012.03.09 10:18:40.585,0.67333,0.67351,1.50,1.50
2012.03.09 10:18:41.546,0.67338,0.67351,2.25,1.50
2012.03.09 10:18:41.620,0.67338,0.67353,2.25,3.00
2012.03.09 10:18:50.406,0.67337,0.67353,1.50,1.50
2012.03.09 10:18:50.536,0.67333,0.67351,1.50,1.50
2012.03.09 10:18:52.244,0.67333,0.67351,1.50,2.25
2012.03.09 10:18:52.318,0.67333,0.67351,1.50,1.50
2012.03.09 10:18:52.620,0.67333,0.67351,1.50,2.25
2012.03.09 10:18:52.810,0.67331,0.67348,1.50,1.50
2012.03.09 10:18:53.624,0.67333,0.67351,1.50,1.50
2012.03.09 10:19:07.655,0.67331,0.67347,1.50,1.50
2012.03.09 10:19:07.907,0.67328,0.67345,2.25,1.50
2012.03.09 10:19:21.724,0.67331,0.67346,1.50,1.50
2012.03.09 10:19:22.254,0.67328,0.67344,1.50,1.50
2012.03.09 10:19:31.029,0.67328,0.67343,1.50,2.25
2012.03.09 10:19:31.155,0.67324,0.67343,1.50,1.50
2012.03.09 10:19:43.186,0.67328,0.67344,3.75,1.50
2012.03.09 10:19:43.739,0.6733,0.67348,1.50,1.50
2012.03.09 10:19:50.166,0.6733,0.67348,2.25,1.50
2012.03.09 10:19:51.689,0.6733,0.67348,1.50,1.50
2012.03.09 10:19:53.598,0.6733,0.67348,2.25,1.50
2012.03.09 10:19:54.159,0.6733,0.67348,1.50,1.50
2012.03.09 10:19:55.059,0.6733,0.67348,2.25,1.50
2012.03.09 10:19:55.458,0.6733,0.67348,1.50,1.50
2012.03.09 10:20:00.259,0.67328,0.67345,2.25,1.50
2012.03.09 10:20:00.860,0.67327,0.67345,1.50,1.50
2012.03.09 10:20:03.408,0.67327,0.67342,1.50,2.25
2012.03.09 10:20:03.907,0.67325,0.67341,3.00,1.50
2012.03.09 10:20:06.318,0.67328,0.67342,1.50,2.25
2012.03.09 10:20:06.884,0.67332,0.67348,1.50,1.50
2012.03.09 10:20:10.932,0.67335,0.67351,1.50,1.50
2012.03.09 10:20:11.119,0.67337,0.67356,3.75,1.50
2012.03.09 10:20:14.099,0.6734,0.67358,1.50,3.00
2012.03.09 10:20:14.515,0.67338,0.67355,1.50,1.50
2012.03.09 10:20:14.672,0.6734,0.67358,1.50,3.00
2012.03.09 10:20:15.560,0.67343,0.6736,1.50,3.00
2012.03.09 10:20:18.938,0.67343,0.6736,1.50,2.25
2012.03.09 10:20:19.199,0.67343,0.6736,1.50,1.50
2012.03.09 10:20:19.271,0.67341,0.67357,3.00,1.50
2012.03.09 10:20:20.110,0.67343,0.6736,1.50,2.25
2012.03.09 10:20:23.589,0.67343,0.6736,1.50,1.50
2012.03.09 10:20:24.092,0.67343,0.6736,1.50,2.25
2012.03.09 10:20:25.012,0.67343,0.6736,1.50,2.25
2012.03.09 10:20:28.244,0.67343,0.6736,1.50,1.50
2012.03.09 10:20:31.367,0.67343,0.6736,1.50,2.25
2012.03.09 10:20:31.882,0.67343,0.6736,1.50,1.50
2012.03.09 10:20:32.095,0.67343,0.6736,1.50,2.25
2012.03.09 10:20:32.862,0.67342,0.6736,1.50,2.25
2012.03.09 10:20:33.026,0.67342,0.67361,1.50,1.50
2012.03.09 10:20:33.250,0.67342,0.67361,1.50,2.25
2012.03.09 10:20:35.160,0.67343,0.6736,1.50,1.50
2012.03.09 10:20:35.756,0.67343,0.6736,1.50,2.25
2012.03.09 10:20:38.103,0.67341,0.67357,1.50,1.50
2012.03.09 10:20:52.404,0.67341,0.67357,2.25,1.50
2012.03.09 10:20:53.012,0.67342,0.67361,2.25,1.50
2012.03.09 10:20:55.766,0.67343,0.67361,1.50,1.50
2012.03.09 10:20:55.836,0.67347,0.67362,2.25,1.50
2012.03.09 10:20:56.509,0.67348,0.67366,1.50,1.50
2012.03.09 10:20:59.655,0.67351,0.67369,1.50,1.50
2012.03.09 10:21:03.317,0.67348,0.67366,1.50,1.50
2012.03.09 10:21:07.386,0.67351,0.67366,3.00,1.50
2012.03.09 10:21:07.456,0.67352,0.67369,2.25,1.50
2012.03.09 10:21:11.890,0.67354,0.67372,1.50,1.50
2012.03.09 10:21:14.741,0.67354,0.67372,2.25,1.50
2012.03.09 10:21:15.158,0.67357,0.67375,2.25,1.50
2012.03.09 10:21:16.237,0.67358,0.67375,2.25,1.50
2012.03.09 10:21:17.579,0.6736,0.67375,2.25,1.50
2012.03.09 10:21:17.895,0.67361,0.67379,1.50,1.50
2012.03.09 10:21:18.207,0.6736,0.67375,2.25,1.50
2012.03.09 10:21:21.508,0.67359,0.67375,1.50,1.50
2012.03.09 10:21:22.545,0.6736,0.67378,1.50,1.50
2012.03.09 10:21:22.965,0.6736,0.67378,2.25,1.50
2012.03.09 10:21:23.905,0.67364,0.6738,1.50,1.50
2012.03.09 10:21:24.039,0.67364,0.67382,1.50,1.50
2012.03.09 10:21:32.814,0.67354,0.6737,2.25,1.50
2012.03.09 10:21:33.677,0.67354,0.6737,1.50,1.50
2012.03.09 10:21:33.746,0.67354,0.6737,2.25,1.50
2012.03.09 10:21:34.752,0.67354,0.6737,1.50,1.50
2012.03.09 10:21:41.889,0.67354,0.6737,2.25,1.50
2012.03.09 10:21:42.199,0.67356,0.67374,1.50,1.50
2012.03.09 10:21:42.749,0.67356,0.67374,2.25,1.50
2012.03.09 10:21:43.648,0.67363,0.67381,1.50,1.50
2012.03.09 10:21:46.108,0.67362,0.67378,1.50,1.50
2012.03.09 10:21:46.177,0.6736,0.67378,1.50,1.50
2012.03.09 10:21:46.549,0.6736,0.67378,2.25,1.50
2012.03.09 10:21:47.875,0.67362,0.67378,3.00,1.50
2012.03.09 10:21:47.945,0.67362,0.67378,2.25,1.50
2012.03.09 10:21:48.018,0.67365,0.6738,1.50,1.50
2012.03.09 10:21:48.542,0.67365,0.67381,1.50,1.50
2012.03.09 10:21:49.156,0.67362,0.67379,3.75,1.50
2012.03.09 10:21:59.163,0.67362,0.67378,1.50,1.50
2012.03.09 10:21:59.228,0.67358,0.67375,2.25,1.50
2012.03.09 10:22:03.450,0.67358,0.67375,2.25,2.25
2012.03.09 10:22:04.164,0.67356,0.6737,2.25,1.50
2012.03.09 10:22:04.238,0.67349,0.67365,1.50,1.50
2012.03.09 10:22:05.050,0.67349,0.67363,1.50,2.25
2012.03.09 10:22:05.679,0.67342,0.67361,3.00,1.50
2012.03.09 10:22:09.920,0.67339,0.67361,2.25,1.50
2012.03.09 10:22:10.107,0.67342,0.67363,2.25,2.25
2012.03.09 10:22:10.686,0.67342,0.67363,1.50,2.25
2012.03.09 10:22:17.317,0.6734,0.6736,2.25,1.50
2012.03.09 10:22:18.036,0.6734,0.6736,1.50,1.50
2012.03.09 10:22:18.700,0.67338,0.67361,1.50,1.50
2012.03.09 10:22:19.683,0.67337,0.67361,3.00,1.50
2012.03.09 10:22:20.157,0.67337,0.6736,2.25,2.25
2012.03.09 10:22:20.799,0.67333,0.6736,2.25,2.85
2012.03.09 10:22:21.526,0.67332,0.6736,3.00,2.85
2012.03.09 10:22:24.766,0.67332,0.6736,3.75,2.10
2012.03.09 10:22:28.637,0.67333,0.67362,2.25,4.50
2012.03.09 10:22:31.995,0.67337,0.67363,3.00,4.65
2012.03.09 10:22:32.680,0.67337,0.67363,3.00,3.75
2012.03.09 10:22:33.026,0.67337,0.67363,3.00,4.50
2012.03.09 10:22:34.678,0.67335,0.67362,2.25,3.00
2012.03.09 10:22:35.479,0.67334,0.6736,2.25,2.25
2012.03.09 10:22:39.177,0.67334,0.6736,3.00,1.50
2012.03.09 10:22:43.787,0.67334,0.6736,2.25,2.25
2012.03.09 10:22:45.748,0.67333,0.6736,2.25,2.25
2012.03.09 10:22:46.171,0.67333,0.6736,3.00,1.50
2012.03.09 10:22:46.740,0.67337,0.67357,1.50,1.50
2012.03.09 10:22:47.815,0.67338,0.67357,2.25,1.50
2012.03.09 10:22:48.409,0.67338,0.67357,3.00,1.50
2012.03.09 10:22:48.779,0.67339,0.67357,1.50,1.50
2012.03.09 10:22:48.849,0.67339,0.6736,3.00,3.00
2012.03.09 10:22:49.509,0.6735,0.6736,4.50,1.50
2012.03.09 10:22:49.585,0.67355,0.67371,1.50,1.50
2012.03.09 10:22:50.538,0.67355,0.67371,2.25,1.50
2012.03.09 10:22:50.659,0.67355,0.67371,1.50,1.50
2012.03.09 10:22:52.256,0.67355,0.67371,2.25,1.50
2012.03.09 10:22:52.331,0.67355,0.67371,1.50,1.50
2012.03.09 10:23:05.132,0.67353,0.67366,2.25,1.50
2012.03.09 10:23:05.204,0.6735,0.67366,1.50,1.50
2012.03.09 10:23:05.276,0.67348,0.67364,1.50,1.50
2012.03.09 10:23:05.776,0.67346,0.67364,2.25,1.50
2012.03.09 10:23:10.537,0.67346,0.67363,1.50,2.25
2012.03.09 10:23:14.764,0.67345,0.67361,1.50,1.50
2012.03.09 10:23:14.824,0.67343,0.67361,1.50,1.50
2012.03.09 10:23:15.819,0.67347,0.67363,1.50,5.25
2012.03.09 10:23:29.416,0.67346,0.67363,2.25,2.25
2012.03.09 10:23:29.917,0.67343,0.6737,2.25,2.25
2012.03.09 10:23:30.460,0.67345,0.67371,3.00,1.09
2012.03.09 10:23:33.384,0.67348,0.67372,2.25,2.85
2012.03.09 10:23:39.841,0.67345,0.67373,3.00,5.10
2012.03.09 10:23:41.067,0.67343,0.67373,3.75,4.35
2012.03.09 10:23:44.495,0.67344,0.67373,3.00,7.35
2012.03.09 10:23:44.566,0.67344,0.67373,3.00,6.60
2012.03.09 10:23:45.208,0.67344,0.67373,2.25,7.35
2012.03.09 10:23:45.652,0.6734,0.67362,3.00,2.25
2012.03.09 10:23:45.968,0.67353,0.67371,2.25,1.50
2012.03.09 10:23:46.100,0.67362,0.67379,1.50,1.99
2012.03.09 10:23:46.212,0.67362,0.67379,1.50,1.50
2012.03.09 10:23:46.578,0.67358,0.67382,2.25,2.25
2012.03.09 10:23:46.826,0.67358,0.67382,4.50,3.75
2012.03.09 10:23:47.485,0.67361,0.67378,1.50,1.50
2012.03.09 10:23:47.564,0.67359,0.67377,1.50,1.50
2012.03.09 10:23:47.745,0.67358,0.67373,3.75,1.50
2012.03.09 10:23:48.267,0.67357,0.67373,1.50,1.50
2012.03.09 10:23:48.768,0.67354,0.6737,1.50,1.50
2012.03.09 10:23:49.953,0.67356,0.67372,1.50,5.25
2012.03.09 10:23:51.967,0.67362,0.67379,1.50,1.50
2012.03.09 10:23:53.198,0.6736,0.67376,1.50,1.50
2012.03.09 10:23:56.306,0.67361,0.6738,1.50,1.50
2012.03.09 10:23:56.618,0.67365,0.67381,1.50,1.50
2012.03.09 10:23:57.229,0.67361,0.67379,1.50,1.50
2012.03.09 10:23:59.409,0.67361,0.67378,1.50,1.50
2012.03.09 10:23:59.482,0.67358,0.67376,3.75,1.50
2012.03.09 10:24:00.067,0.67362,0.67378,1.50,3.00
2012.03.09 10:24:01.986,0.67359,0.67375,1.50,1.50
2012.03.09 10:24:03.607,0.67355,0.67373,5.85,1.50
2012.03.09 10:24:03.957,0.67355,0.67373,1.50,1.50
2012.03.09 10:24:05.608,0.67358,0.67373,2.25,1.50
2012.03.09 10:24:05.916,0.67362,0.6738,1.50,1.50
2012.03.09 10:24:06.107,0.67362,0.6738,1.50,2.25
2012.03.09 10:24:06.689,0.6736,0.67376,1.50,1.50
2012.03.09 10:24:10.380,0.67358,0.67374,1.50,1.50
2012.03.09 10:24:10.460,0.67353,0.67371,1.50,1.50
2012.03.09 10:24:11.248,0.67359,0.67371,2.25,1.50
2012.03.09 10:24:11.441,0.67367,0.67383,1.50,1.99
2012.03.09 10:24:11.629,0.67363,0.67382,1.50,2.25
2012.03.09 10:24:12.311,0.67362,0.67381,1.50,1.50
2012.03.09 10:24:12.383,0.67365,0.67381,1.50,1.50
2012.03.09 10:24:12.708,0.67363,0.67378,1.50,1.50
2012.03.09 10:24:12.899,0.67366,0.67382,1.50,3.75
2012.03.09 10:24:12.975,0.67363,0.6738,1.50,1.50
2012.03.09 10:24:13.046,0.67361,0.6738,2.25,1.50
2012.03.09 10:24:13.177,0.67364,0.67382,1.50,3.75
2012.03.09 10:24:13.517,0.67364,0.67382,2.25,1.50
2012.03.09 10:24:13.768,0.67364,0.67382,1.50,1.50
2012.03.09 10:24:13.947,0.67364,0.67382,2.25,1.50
2012.03.09 10:24:14.444,0.67364,0.67382,1.50,3.75
2012.03.09 10:24:14.510,0.67364,0.67382,2.25,3.75
2012.03.09 10:24:14.935,0.67367,0.67384,2.25,1.50
2012.03.09 10:24:18.880,0.67365,0.67381,2.25,1.50
2012.03.09 10:24:19.319,0.67366,0.67385,2.25,1.50
2012.03.09 10:24:22.468,0.67364,0.67382,2.25,1.50
2012.03.09 10:24:23.000,0.67368,0.67382,1.50,1.50
2012.03.09 10:24:23.065,0.67369,0.67387,1.50,1.50
2012.03.09 10:24:23.605,0.67367,0.67384,3.00,1.50
2012.03.09 10:24:25.935,0.67366,0.67384,1.50,1.50
2012.03.09 10:24:26.277,0.6737,0.67382,1.50,1.50
2012.03.09 10:24:26.345,0.67364,0.6738,1.50,1.50
2012.03.09 10:24:28.149,0.67364,0.6738,1.50,2.25
2012.03.09 10:24:28.401,0.6736,0.67376,1.50,1.50
2012.03.09 10:24:29.798,0.6736,0.67376,1.50,2.25
2012.03.09 10:24:30.351,0.67357,0.67369,2.25,1.50
2012.03.09 10:24:30.421,0.67353,0.67369,1.50,2.25
2012.03.09 10:24:30.490,0.67353,0.67363,1.50,2.25
2012.03.09 10:24:30.559,0.6734,0.67362,5.10,1.50
2012.03.09 10:24:31.047,0.6734,0.67367,1.35,1.50
2012.03.09 10:24:31.490,0.6734,0.67363,1.35,2.25
2012.03.09 10:24:34.738,0.6734,0.67363,1.35,2.25
2012.03.09 10:24:36.728,0.6734,0.67363,2.25,2.25
2012.03.09 10:24:42.751,0.67342,0.67362,1.50,1.50
2012.03.09 10:24:43.687,0.67345,0.67362,2.25,1.50
2012.03.09 10:24:44.002,0.67352,0.67363,1.50,2.25
2012.03.09 10:24:44.068,0.67354,0.67373,1.50,2.25
2012.03.09 10:24:44.136,0.67355,0.67377,1.50,1.50
2012.03.09 10:24:44.267,0.67355,0.67372,1.50,2.25
2012.03.09 10:24:44.336,0.67355,0.67377,1.50,1.50
2012.03.09 10:24:44.405,0.67355,0.67375,3.00,1.50
2012.03.09 10:24:44.717,0.6736,0.67376,1.50,1.50
2012.03.09 10:24:45.489,0.6736,0.67376,1.50,2.25
2012.03.09 10:24:45.969,0.67351,0.67373,2.85,1.50
2012.03.09 10:24:46.097,0.67355,0.67375,1.50,1.50
2012.03.09 10:24:46.420,0.67357,0.67375,1.50,1.50
2012.03.09 10:24:49.348,0.67356,0.6737,1.50,1.50
2012.03.09 10:24:49.422,0.67351,0.6737,1.35,1.50
2012.03.09 10:24:49.488,0.67353,0.67372,1.50,2.25
2012.03.09 10:24:50.002,0.67353,0.67373,1.50,3.00
2012.03.09 10:24:53.295,0.67355,0.67376,1.50,1.50
2012.03.09 10:24:54.541,0.67355,0.67377,1.50,1.50
2012.03.09 10:24:55.288,0.67355,0.67377,1.50,2.10
2012.03.09 10:24:55.487,0.67355,0.67373,1.50,2.25
2012.03.09 10:24:55.685,0.67355,0.67377,1.50,1.50
2012.03.09 10:24:56.017,0.67356,0.67374,1.50,1.50
2012.03.09 10:24:57.976,0.67356,0.67372,1.50,1.50
2012.03.09 10:24:58.307,0.67354,0.6737,1.50,1.50
2012.03.09 10:24:58.620,0.67354,0.6737,2.25,1.50
2012.03.09 10:24:58.689,0.67354,0.6737,1.50,1.50
2012.03.09 10:25:00.936,0.67356,0.67372,1.50,2.25
2012.03.09 10:25:01.009,0.67357,0.67374,2.25,1.50
2012.03.09 10:25:01.079,0.6736,0.67378,1.50,2.25
2012.03.09 10:25:05.207,0.67364,0.6738,1.50,3.00
2012.03.09 10:25:05.880,0.67366,0.67382,1.50,3.75
2012.03.09 10:25:06.422,0.67365,0.67381,1.50,1.50
2012.03.09 10:25:07.048,0.67361,0.6738,1.50,1.50
2012.03.09 10:25:10.397,0.67361,0.6738,1.50,2.10
2012.03.09 10:25:10.797,0.6736,0.67376,1.50,1.50
2012.03.09 10:25:13.638,0.6736,0.67376,2.25,1.50
2012.03.09 10:25:13.828,0.6736,0.67376,1.50,1.50
2012.03.09 10:25:14.355,0.6736,0.67376,2.25,1.50
2012.03.09 10:25:14.424,0.67361,0.67378,2.25,1.50
2012.03.09 10:25:14.635,0.67361,0.6738,2.25,1.50
2012.03.09 10:25:15.599,0.6736,0.67377,1.50,1.50
2012.03.09 10:25:15.967,0.67358,0.67377,1.50,1.50
2012.03.09 10:25:16.157,0.67355,0.67379,4.50,1.50
2012.03.09 10:25:16.677,0.67353,0.67382,3.00,2.25
2012.03.09 10:25:20.375,0.67357,0.67381,3.00,2.25
2012.03.09 10:25:20.948,0.67359,0.67383,2.25,3.49
2012.03.09 10:25:24.758,0.67359,0.67385,2.25,1.35
2012.03.09 10:25:25.526,0.67359,0.67383,2.25,3.00
2012.03.09 10:25:26.269,0.67357,0.67383,2.25,3.00
2012.03.09 10:25:26.779,0.67357,0.67383,2.25,2.25
2012.03.09 10:25:26.846,0.67357,0.67383,2.25,3.00
2012.03.09 10:25:26.960,0.67357,0.67383,3.00,3.00
2012.03.09 10:25:27.088,0.67357,0.67383,2.25,3.00
2012.03.09 10:25:27.215,0.67357,0.67383,3.00,3.00
2012.03.09 10:25:29.266,0.67357,0.67383,4.50,3.00
2012.03.09 10:25:29.421,0.67357,0.67383,5.25,3.00
2012.03.09 10:25:36.566,0.67358,0.67383,2.25,3.00
2012.03.09 10:25:41.072,0.67358,0.67383,3.00,2.25
2012.03.09 10:25:41.197,0.67359,0.67387,1.50,3.60
2012.03.09 10:25:41.756,0.6736,0.67385,2.25,1.35
2012.03.09 10:25:41.826,0.6736,0.67382,2.25,2.25
2012.03.09 10:25:42.558,0.67359,0.67382,1.50,2.25
2012.03.09 10:25:43.125,0.67358,0.67382,4.50,2.25
2012.03.09 10:25:45.417,0.67358,0.67382,2.25,3.00
2012.03.09 10:25:45.487,0.67358,0.67382,2.25,2.25
2012.03.09 10:25:45.796,0.67358,0.67382,2.25,3.00
2012.03.09 10:25:48.147,0.67367,0.67382,2.25,2.25
2012.03.09 10:25:48.352,0.67371,0.67392,2.25,2.25
2012.03.09 10:25:48.537,0.67371,0.67398,3.00,1.99
2012.03.09 10:25:48.727,0.67375,0.67395,1.50,1.50
2012.03.09 10:25:49.168,0.67378,0.67395,2.25,1.50
2012.03.09 10:25:50.559,0.67378,0.67394,3.75,1.50
2012.03.09 10:25:52.316,0.6738,0.67397,1.50,1.50
2012.03.09 10:25:52.747,0.67383,0.67399,1.50,1.50
2012.03.09 10:25:57.579,0.6738,0.67397,3.00,1.50
2012.03.09 10:26:02.547,0.67383,0.67399,1.50,1.50
2012.03.09 10:26:05.639,0.67385,0.67402,1.50,3.75
2012.03.09 10:26:06.141,0.67382,0.674,1.50,1.50
2012.03.09 10:26:10.830,0.67382,0.674,1.50,4.50
2012.03.09 10:26:10.902,0.67375,0.67394,1.50,2.25
2012.03.09 10:26:11.370,0.67375,0.67391,1.50,1.50
2012.03.09 10:26:11.440,0.67372,0.6739,1.50,1.50
2012.03.09 10:26:15.878,0.67372,0.67389,1.50,2.25
2012.03.09 10:26:16.007,0.67371,0.67385,1.50,1.50
2012.03.09 10:26:16.078,0.67366,0.67385,1.50,1.50
2012.03.09 10:26:16.239,0.67366,0.67382,1.50,2.25
2012.03.09 10:26:16.850,0.67365,0.67381,1.50,1.50
2012.03.09 10:26:17.507,0.67365,0.67381,2.25,1.50
2012.03.09 10:26:22.651,0.67365,0.67381,1.50,1.50
2012.03.09 10:26:23.204,0.67365,0.67381,2.25,1.50
2012.03.09 10:26:24.320,0.67369,0.67385,1.50,1.50
2012.03.09 10:26:24.851,0.6737,0.67388,1.50,1.50
2012.03.09 10:26:25.382,0.6737,0.67389,1.50,1.50
2012.03.09 10:26:26.207,0.6737,0.67389,2.25,1.50
2012.03.09 10:26:26.737,0.6737,0.67389,1.50,1.50
2012.03.09 10:26:28.480,0.6737,0.67389,1.50,2.25
2012.03.09 10:26:28.607,0.67369,0.67385,1.50,1.50
2012.03.09 10:26:28.678,0.67367,0.67385,3.75,1.50
2012.03.09 10:26:29.652,0.67365,0.67381,3.75,1.50
2012.03.09 10:26:29.792,0.67367,0.67384,2.25,1.50
2012.03.09 10:26:30.406,0.67368,0.67384,1.50,1.50
2012.03.09 10:26:30.483,0.67369,0.67387,1.50,1.50
2012.03.09 10:26:31.118,0.67366,0.67384,1.50,1.50
2012.03.09 10:26:32.190,0.67366,0.67384,2.25,1.50
2012.03.09 10:26:32.648,0.67369,0.67386,1.50,1.50
2012.03.09 10:26:33.184,0.67369,0.67387,1.50,1.50
2012.03.09 10:26:35.898,0.67366,0.67384,1.50,1.50
2012.03.09 10:26:38.384,0.67366,0.67382,1.50,2.25
2012.03.09 10:26:39.626,0.67366,0.67382,2.25,2.25
2012.03.09 10:26:39.757,0.67367,0.67384,3.00,1.50
2012.03.09 10:26:43.576,0.67366,0.67383,1.50,2.25
2012.03.09 10:26:45.497,0.67366,0.67384,1.50,1.50
2012.03.09 10:26:45.690,0.67366,0.67382,1.50,2.25
2012.03.09 10:26:45.911,0.67366,0.67384,1.50,2.25
2012.03.09 10:26:46.230,0.67366,0.67382,1.50,1.50
2012.03.09 10:26:46.298,0.67363,0.67381,1.50,1.50
2012.03.09 10:26:47.691,0.67367,0.67383,1.50,1.50
2012.03.09 10:26:48.207,0.67368,0.67383,2.25,1.50
2012.03.09 10:26:48.731,0.6737,0.67386,1.50,3.00
2012.03.09 10:26:48.806,0.67372,0.6739,1.50,1.50
2012.03.09 10:27:01.572,0.67374,0.6739,1.50,1.50
2012.03.09 10:27:02.590,0.67376,0.67392,1.50,3.75
2012.03.09 10:27:03.595,0.67376,0.67392,2.25,3.75
2012.03.09 10:27:05.399,0.67376,0.67392,1.50,3.75
2012.03.09 10:27:05.707,0.67374,0.67389,1.50,1.50
2012.03.09 10:27:06.732,0.67373,0.67389,1.50,1.50
2012.03.09 10:27:08.174,0.67371,0.67392,2.25,2.25
2012.03.09 10:27:12.130,0.6738,0.67392,2.25,2.25
2012.03.09 10:27:12.438,0.67388,0.67395,6.00,1.50
2012.03.09 10:27:12.509,0.67389,0.6741,1.50,1.99
2012.03.09 10:27:12.579,0.67389,0.6741,1.50,1.50
2012.03.09 10:27:12.711,0.67391,0.67409,1.50,3.00
2012.03.09 10:27:13.307,0.67388,0.67407,2.25,1.50
2012.03.09 10:27:18.137,0.67387,0.67407,1.50,1.50
2012.03.09 10:27:18.336,0.67387,0.67405,1.50,1.50
2012.03.09 10:27:18.407,0.67383,0.67403,1.50,1.50
2012.03.09 10:27:18.839,0.67381,0.67403,2.25,2.25
2012.03.09 10:27:18.910,0.67377,0.67403,6.60,2.25
2012.03.09 10:27:19.037,0.67378,0.67403,1.35,2.25
2012.03.09 10:27:19.261,0.67377,0.67403,7.35,3.00
2012.03.09 10:27:21.328,0.67377,0.67403,5.10,3.00
2012.03.09 10:27:21.396,0.67377,0.67403,5.85,3.00
2012.03.09 10:27:21.706,0.67377,0.67401,3.60,1.50
2012.03.09 10:27:22.017,0.6738,0.67398,1.50,1.50
2012.03.09 10:27:40.737,0.6738,0.67398,2.25,1.50
2012.03.09 10:27:40.869,0.6738,0.67398,1.50,1.50
2012.03.09 10:27:41.341,0.67383,0.67399,1.50,1.50
2012.03.09 10:27:41.696,0.67387,0.67402,2.25,1.50
2012.03.09 10:27:44.409,0.67381,0.67399,3.00,1.50
2012.03.09 10:27:47.957,0.67385,0.67401,1.50,1.50
2012.03.09 10:27:48.316,0.67388,0.67401,2.25,1.50
2012.03.09 10:27:57.487,0.67388,0.67404,3.75,1.50
2012.03.09 10:27:57.617,0.6739,0.67404,1.50,1.50
2012.03.09 10:27:57.688,0.67392,0.67408,1.50,1.50
2012.03.09 10:27:58.211,0.67393,0.67412,1.50,3.75
2012.03.09 10:27:58.282,0.67391,0.67409,1.50,1.50
2012.03.09 10:28:03.981,0.67391,0.67406,1.50,2.25
2012.03.09 10:28:04.111,0.67389,0.67406,1.50,3.75
2012.03.09 10:28:04.180,0.67389,0.67403,1.50,2.25
2012.03.09 10:28:04.842,0.67379,0.67395,1.50,1.50
2012.03.09 10:28:05.270,0.67377,0.67394,1.50,1.50
2012.03.09 10:28:05.596,0.67375,0.67394,1.50,1.50
2012.03.09 10:28:05.667,0.67375,0.67394,2.25,1.50
2012.03.09 10:28:06.595,0.67378,0.67394,2.25,1.50
2012.03.09 10:28:06.663,0.67375,0.67394,1.50,1.50
2012.03.09 10:28:06.850,0.67373,0.67391,1.50,1.50
2012.03.09 10:28:09.285,0.67373,0.67391,2.25,1.50
2012.03.09 10:28:09.738,0.67381,0.67391,1.50,1.50
2012.03.09 10:28:09.813,0.67382,0.674,1.50,1.50
2012.03.09 10:28:10.237,0.67385,0.67403,1.50,1.50
2012.03.09 10:28:10.851,0.67385,0.67403,2.25,1.50
2012.03.09 10:28:11.396,0.67385,0.67403,2.25,1.50
2012.03.09 10:28:14.038,0.6739,0.67405,1.50,1.50
2012.03.09 10:28:14.570,0.6739,0.67406,2.25,1.50
2012.03.09 10:28:14.880,0.67393,0.67409,1.50,1.50
2012.03.09 10:28:23.536,0.67393,0.67408,1.50,1.50
2012.03.09 10:28:23.607,0.67389,0.67407,1.50,1.50
2012.03.09 10:28:25.506,0.67389,0.67407,2.25,1.50
2012.03.09 10:28:25.695,0.67392,0.6741,2.25,1.50
2012.03.09 10:28:37.407,0.67392,0.6741,1.50,2.25
2012.03.09 10:28:38.627,0.6739,0.67406,1.50,1.50
2012.03.09 10:28:51.406,0.67388,0.67403,1.50,1.50
2012.03.09 10:28:52.263,0.67387,0.67403,3.75,1.50
2012.03.09 10:28:55.618,0.67384,0.67401,3.00,1.50
2012.03.09 10:28:57.086,0.67382,0.67398,1.50,1.50
2012.03.09 10:29:06.954,0.67378,0.67396,3.75,1.50
2012.03.09 10:29:20.001,0.67379,0.67396,1.50,1.50
2012.03.09 10:29:20.066,0.67381,0.67398,1.50,1.35
2012.03.09 10:29:22.236,0.67378,0.67396,1.50,1.50
2012.03.09 10:29:29.649,0.67379,0.67396,1.50,1.50
2012.03.09 10:29:29.718,0.67382,0.67398,1.50,1.50
2012.03.09 10:29:35.524,0.67385,0.67401,1.50,1.50
2012.03.09 10:29:35.830,0.67388,0.67404,1.50,2.25
2012.03.09 10:29:35.988,0.67384,0.67402,1.50,1.50
2012.03.09 10:29:36.477,0.67382,0.67398,1.50,1.50
2012.03.09 10:30:13.877,0.6738,0.67393,1.50,1.50
2012.03.09 10:30:13.946,0.67377,0.67392,1.50,2.25
2012.03.09 10:30:14.407,0.67384,0.67392,1.50,2.25
2012.03.09 10:30:14.458,0.67384,0.67398,1.50,2.25
2012.03.09 10:30:14.966,0.67384,0.674,1.50,4.50
2012.03.09 10:30:15.217,0.67381,0.67397,1.50,1.50
2012.03.09 10:30:16.231,0.67381,0.67397,1.50,2.25
2012.03.09 10:30:16.349,0.67381,0.67397,1.50,1.50
2012.03.09 10:30:16.949,0.67381,0.67397,1.50,2.25
2012.03.09 10:30:17.943,0.67381,0.67397,1.50,1.50
2012.03.09 10:30:18.584,0.67381,0.67392,1.50,2.25
2012.03.09 10:30:18.726,0.67381,0.67397,1.50,1.50
2012.03.09 10:30:22.545,0.67382,0.67397,1.50,1.50
2012.03.09 10:30:22.615,0.67384,0.674,1.50,1.50
2012.03.09 10:30:26.800,0.67384,0.674,1.50,2.25
2012.03.09 10:30:27.490,0.67384,0.674,1.50,1.50
2012.03.09 10:30:27.563,0.67381,0.67397,1.50,1.50
2012.03.09 10:30:28.080,0.67384,0.674,1.50,2.25
2012.03.09 10:30:28.211,0.67381,0.67397,1.50,1.50
2012.03.09 10:30:28.822,0.67383,0.67399,1.50,1.50
2012.03.09 10:30:28.891,0.67383,0.67401,1.50,3.75
2012.03.09 10:30:35.380,0.67383,0.67401,1.50,2.25
2012.03.09 10:30:36.075,0.67379,0.67397,1.50,1.50
2012.03.09 10:30:37.729,0.6738,0.67397,1.50,1.50
2012.03.09 10:30:37.795,0.67382,0.674,1.50,2.25
2012.03.09 10:30:41.595,0.67379,0.67397,1.50,1.50
2012.03.09 10:30:42.777,0.67378,0.67394,1.50,1.50
2012.03.09 10:30:42.847,0.67376,0.67394,1.50,1.50
2012.03.09 10:30:47.186,0.67373,0.67391,1.50,1.50
2012.03.09 10:30:47.842,0.67373,0.6739,1.50,1.50
2012.03.09 10:30:48.301,0.67371,0.67387,1.50,1.50
2012.03.09 10:30:52.038,0.67374,0.6739,1.50,1.50
2012.03.09 10:31:03.430,0.67371,0.67387,1.50,1.50
2012.03.09 10:31:04.277,0.67374,0.67389,1.50,1.50
2012.03.09 10:31:04.347,0.67374,0.67392,1.50,1.50
2012.03.09 10:31:04.981,0.67374,0.67392,1.50,2.25
2012.03.09 10:31:06.839,0.67374,0.67383,1.50,2.25
2012.03.09 10:31:07.207,0.67374,0.67392,1.50,5.25
2012.03.09 10:31:07.338,0.6737,0.67388,1.50,2.25
2012.03.09 10:31:07.408,0.67373,0.67391,1.50,2.25
2012.03.09 10:31:08.056,0.67373,0.67391,1.50,1.50
2012.03.09 10:31:09.109,0.67377,0.67392,1.50,2.25
2012.03.09 10:31:17.810,0.67377,0.67393,1.50,1.50
2012.03.09 10:31:18.001,0.67379,0.67396,1.50,2.25
2012.03.09 10:31:18.066,0.67383,0.67396,1.50,2.25
2012.03.09 10:31:18.164,0.67383,0.67399,1.50,2.74
2012.03.09 10:31:21.694,0.67383,0.67399,1.50,2.25
2012.03.09 10:31:22.422,0.67383,0.67399,1.50,1.50
2012.03.09 10:31:25.869,0.67383,0.67399,1.50,2.25
2012.03.09 10:31:26.382,0.67383,0.67399,1.50,1.50
2012.03.09 10:31:30.311,0.67381,0.67397,1.50,1.50
2012.03.09 10:31:30.438,0.67379,0.67397,1.50,1.50
2012.03.09 10:31:36.872,0.67379,0.67397,1.50,2.25
2012.03.09 10:31:37.382,0.67376,0.67392,1.50,1.50
2012.03.09 10:31:37.628,0.67372,0.6739,1.50,1.50
2012.03.09 10:31:43.690,0.67372,0.6739,1.50,2.25
2012.03.09 10:31:48.633,0.67369,0.67388,1.50,1.50
2012.03.09 10:31:51.002,0.6737,0.67388,2.25,1.50
2012.03.09 10:31:51.067,0.67374,0.67392,1.50,1.50
2012.03.09 10:31:51.380,0.67371,0.67389,1.50,2.25
2012.03.09 10:31:53.538,0.67369,0.67385,1.50,2.25
2012.03.09 10:31:59.787,0.67369,0.67385,1.50,1.50
2012.03.09 10:32:02.366,0.67369,0.67385,1.50,2.25
2012.03.09 10:32:02.915,0.67369,0.67385,1.50,1.50
2012.03.09 10:32:03.347,0.67369,0.67385,1.50,2.25
2012.03.09 10:32:05.328,0.67369,0.67385,1.50,1.50
2012.03.09 10:32:07.813,0.67369,0.67385,1.50,2.25
2012.03.09 10:32:07.997,0.67369,0.67385,1.50,2.25
2012.03.09 10:32:08.185,0.67369,0.67385,1.50,1.50
2012.03.09 10:32:09.712,0.67372,0.67388,1.50,1.50
2012.03.09 10:32:12.358,0.6737,0.67383,1.50,1.50
2012.03.09 10:32:12.430,0.67367,0.67383,1.50,1.50
2012.03.09 10:32:23.587,0.67367,0.67383,1.50,2.25
2012.03.09 10:32:23.836,0.67367,0.67383,1.50,2.25
2012.03.09 10:32:24.156,0.6737,0.67387,1.50,2.25
2012.03.09 10:32:25.208,0.67368,0.67384,1.50,2.25
2012.03.09 10:32:25.396,0.67364,0.67382,1.50,3.75
2012.03.09 10:32:25.587,0.67364,0.67382,1.50,4.50
2012.03.09 10:32:25.870,0.67362,0.67378,1.50,1.50
2012.03.09 10:32:27.381,0.67359,0.67375,1.50,1.50
2012.03.09 10:32:27.686,0.67367,0.67381,2.25,1.50
2012.03.09 10:32:27.967,0.67367,0.67384,2.25,2.25
2012.03.09 10:32:28.513,0.67364,0.6738,1.50,4.50
2012.03.09 10:32:28.644,0.67361,0.67378,1.50,1.50
2012.03.09 10:32:29.196,0.6736,0.67378,1.50,1.50
2012.03.09 10:32:30.365,0.67364,0.67381,1.50,1.24
2012.03.09 10:32:30.435,0.67362,0.67378,1.50,1.50
2012.03.09 10:32:30.618,0.67358,0.67376,1.50,1.50
2012.03.09 10:32:35.147,0.67358,0.67376,1.50,4.50
2012.03.09 10:32:35.216,0.67358,0.67376,1.50,3.75
2012.03.09 10:32:35.286,0.67358,0.67372,1.50,2.25
2012.03.09 10:32:35.576,0.67356,0.67372,1.50,2.25
2012.03.09 10:32:36.955,0.67358,0.67373,2.25,1.50
2012.03.09 10:32:37.020,0.67359,0.67376,1.50,1.50
2012.03.09 10:32:37.907,0.67359,0.67377,1.50,1.50
2012.03.09 10:32:38.888,0.67359,0.67377,1.50,2.25
2012.03.09 10:32:39.197,0.67356,0.67373,1.50,1.50
2012.03.09 10:32:39.464,0.67354,0.6737,1.50,1.50
2012.03.09 10:32:41.897,0.67357,0.67372,1.50,2.25
2012.03.09 10:32:41.966,0.6736,0.67376,1.50,3.00
2012.03.09 10:32:43.415,0.6736,0.67376,1.50,2.25
2012.03.09 10:32:43.805,0.6736,0.67372,1.50,2.25
2012.03.09 10:32:44.167,0.67358,0.67374,1.50,2.25
2012.03.09 10:32:44.238,0.67355,0.67374,1.50,2.25
2012.03.09 10:32:44.884,0.67352,0.6737,1.50,1.50
2012.03.09 10:32:46.027,0.67356,0.67372,1.50,1.50
2012.03.09 10:32:46.357,0.67368,0.67372,2.25,1.50
2012.03.09 10:32:46.429,0.67368,0.67382,2.25,1.50
2012.03.09 10:32:46.499,0.67368,0.67382,2.25,2.25
2012.03.09 10:32:46.686,0.67366,0.6738,1.50,3.00
2012.03.09 10:32:46.757,0.67363,0.67379,1.50,2.25
2012.03.09 10:32:46.827,0.67359,0.67375,1.50,1.50
2012.03.09 10:32:47.287,0.6736,0.67379,1.50,1.50
2012.03.09 10:32:47.538,0.67364,0.6738,1.50,1.50
2012.03.09 10:32:53.399,0.6736,0.67379,1.50,1.50
2012.03.09 10:32:53.670,0.67363,0.6738,1.50,1.50
2012.03.09 10:32:54.225,0.67363,0.67381,1.50,1.50
2012.03.09 10:32:55.645,0.67368,0.67381,2.25,1.50
2012.03.09 10:32:55.716,0.6737,0.67386,1.50,1.50
2012.03.09 10:32:55.789,0.6737,0.67382,1.50,2.25
2012.03.09 10:32:55.859,0.67367,0.67382,1.50,2.25
2012.03.09 10:32:56.128,0.67369,0.67386,1.50,1.50
2012.03.09 10:32:56.398,0.67372,0.6739,1.50,1.50
2012.03.09 10:32:56.748,0.67372,0.6739,1.50,2.25
2012.03.09 10:32:56.936,0.6737,0.67387,1.50,1.50
2012.03.09 10:32:57.749,0.67368,0.67384,5.25,1.50
2012.03.09 10:32:59.280,0.67372,0.67388,1.50,2.25
2012.03.09 10:33:00.286,0.67374,0.6739,1.50,1.50
2012.03.09 10:33:01.308,0.67372,0.67388,3.00,1.50
2012.03.09 10:33:05.547,0.67374,0.67391,1.50,1.50
2012.03.09 10:33:15.106,0.67376,0.67394,1.50,1.50
2012.03.09 10:33:16.285,0.67376,0.67394,1.50,2.25
2012.03.09 10:33:16.794,0.67376,0.67394,1.50,1.50
2012.03.09 10:33:18.746,0.67376,0.67392,1.50,2.25
2012.03.09 10:33:19.048,0.67368,0.67384,1.50,1.50
2012.03.09 10:33:25.396,0.67368,0.67384,2.25,1.50
2012.03.09 10:33:25.527,0.67368,0.67384,1.50,1.50
2012.03.09 10:33:25.599,0.6737,0.67384,1.50,1.50
2012.03.09 10:33:25.669,0.67372,0.6739,1.50,1.50
2012.03.09 10:33:26.269,0.67373,0.67392,1.50,1.50
2012.03.09 10:33:26.348,0.6737,0.67388,1.50,1.50
2012.03.09 10:33:26.669,0.67371,0.67387,2.25,1.50
2012.03.09 10:33:26.918,0.67375,0.67391,1.50,3.75
2012.03.09 10:33:27.106,0.67378,0.67391,1.50,2.25
2012.03.09 10:33:27.190,0.67378,0.67394,1.50,1.50
2012.03.09 10:33:28.912,0.67382,0.67397,1.50,1.50
2012.03.09 10:33:29.226,0.67387,0.67398,2.25,1.50
2012.03.09 10:33:29.608,0.67382,0.67398,1.50,1.50
2012.03.09 10:33:29.737,0.67385,0.674,1.50,1.50
2012.03.09 10:33:29.930,0.67379,0.67397,1.50,1.50
2012.03.09 10:33:37.830,0.67379,0.67395,1.50,2.25
2012.03.09 10:33:37.956,0.67379,0.67397,1.50,1.50
2012.03.09 10:33:38.086,0.67379,0.67397,1.50,1.99
2012.03.09 10:33:38.397,0.67375,0.67391,1.50,1.50
2012.03.09 10:33:38.732,0.67379,0.67394,1.50,3.00
2012.03.09 10:33:39.893,0.67375,0.67393,1.50,1.50
2012.03.09 10:33:40.878,0.67379,0.67395,1.50,1.50
2012.03.09 10:33:46.039,0.67379,0.67395,2.25,1.50
2012.03.09 10:33:46.110,0.67382,0.67398,2.25,1.50
2012.03.09 10:33:46.268,0.67385,0.67399,1.50,2.25
2012.03.09 10:33:47.390,0.67385,0.67401,1.50,1.50
2012.03.09 10:33:48.116,0.67388,0.67401,2.25,1.50
2012.03.09 10:33:48.669,0.67385,0.67401,2.85,1.50
2012.03.09 10:33:48.741,0.6739,0.6741,1.50,3.00
2012.03.09 10:33:49.121,0.67387,0.67408,1.50,3.00
2012.03.09 10:33:50.057,0.67387,0.67409,4.50,1.50
2012.03.09 10:33:50.186,0.6739,0.67412,1.50,4.24
2012.03.09 10:33:50.497,0.67391,0.67412,2.25,3.75
2012.03.09 10:33:50.855,0.67394,0.67412,1.50,2.25
2012.03.09 10:33:51.620,0.67394,0.67413,1.50,3.75
2012.03.09 10:33:52.357,0.67394,0.67413,1.50,4.50
2012.03.09 10:33:52.421,0.67385,0.67405,2.25,1.50
2012.03.09 10:33:52.726,0.67388,0.67408,1.50,2.25
2012.03.09 10:33:54.199,0.67388,0.6741,1.50,1.50
2012.03.09 10:33:55.050,0.67388,0.6741,2.25,1.50
2012.03.09 10:33:55.418,0.67396,0.67415,2.25,1.50
2012.03.09 10:33:55.547,0.67397,0.67419,2.25,1.50
2012.03.09 10:33:56.180,0.67397,0.67418,1.50,2.25
2012.03.09 10:33:56.832,0.67396,0.67414,1.50,1.50
2012.03.09 10:33:56.908,0.67394,0.67414,1.50,1.50
2012.03.09 10:33:57.291,0.67396,0.67418,1.50,1.50
2012.03.09 10:33:57.423,0.67398,0.67418,2.25,1.50
2012.03.09 10:33:57.727,0.674,0.6742,1.50,1.50
2012.03.09 10:33:57.858,0.67402,0.67423,1.50,6.75
2012.03.09 10:33:58.410,0.67403,0.67422,1.50,2.25
2012.03.09 10:33:59.677,0.67403,0.67421,1.50,2.25
2012.03.09 10:34:00.852,0.67403,0.67422,1.50,2.25
2012.03.09 10:34:00.990,0.67403,0.67422,2.25,2.25
2012.03.09 10:34:03.124,0.67406,0.67423,2.25,2.25
2012.03.09 10:34:03.827,0.67407,0.67423,1.50,3.75
2012.03.09 10:34:05.613,0.67415,0.67431,1.50,1.50
2012.03.09 10:34:05.919,0.67418,0.67433,1.50,2.74
2012.03.09 10:34:06.110,0.67415,0.67433,1.50,2.25
2012.03.09 10:34:10.296,0.67414,0.6743,1.50,1.50
2012.03.09 10:34:12.918,0.67416,0.67433,1.50,3.75
2012.03.09 10:34:18.860,0.67413,0.67431,3.00,1.50
2012.03.09 10:35:03.518,0.67412,0.67428,1.50,1.50
2012.03.09 10:35:03.989,0.67411,0.67423,1.50,2.25
2012.03.09 10:35:04.606,0.67408,0.67423,1.50,3.00
2012.03.09 10:35:05.143,0.67401,0.67421,1.50,1.50
2012.03.09 10:35:09.473,0.67399,0.67414,1.50,1.50
2012.03.09 10:35:09.540,0.67397,0.67414,2.25,1.50
2012.03.09 10:35:09.743,0.67394,0.67413,1.50,2.25
2012.03.09 10:35:09.813,0.67391,0.67411,2.25,1.50
2012.03.09 10:35:10.408,0.67394,0.67413,1.50,3.75
2012.03.09 10:35:11.122,0.67393,0.67413,1.50,4.50
2012.03.09 10:35:11.462,0.67393,0.67413,2.25,4.50
2012.03.09 10:35:17.798,0.67387,0.67413,4.50,4.50
2012.03.09 10:35:18.856,0.67387,0.67412,3.00,2.25
2012.03.09 10:35:19.480,0.67393,0.67413,3.00,2.25
2012.03.09 10:35:19.670,0.67399,0.67423,2.25,2.25
2012.03.09 10:35:19.859,0.67399,0.67424,2.25,1.24
2012.03.09 10:35:20.058,0.67397,0.67422,2.25,3.49
2012.03.09 10:35:20.666,0.67397,0.67422,2.25,3.00
2012.03.09 10:35:20.857,0.67391,0.67415,1.50,3.00
2012.03.09 10:35:20.930,0.67388,0.67415,4.35,3.00
2012.03.09 10:35:21.375,0.67389,0.67415,1.35,2.25
2012.03.09 10:35:21.444,0.67387,0.67415,4.65,3.00
2012.03.09 10:35:23.746,0.67387,0.67413,4.35,2.25
2012.03.09 10:35:25.132,0.67387,0.67409,4.35,2.25
2012.03.09 10:35:25.258,0.67387,0.67409,2.25,2.25
2012.03.09 10:35:25.388,0.67381,0.67402,3.00,2.25
2012.03.09 10:35:25.698,0.67388,0.67409,2.25,2.25
2012.03.09 10:35:31.139,0.67388,0.67412,2.25,2.25
2012.03.09 10:35:48.379,0.67388,0.6741,2.25,2.25
2012.03.09 10:35:48.896,0.67388,0.6741,2.25,3.00
2012.03.09 10:35:49.497,0.67388,0.67407,2.25,2.25
2012.03.09 10:35:50.016,0.67387,0.67407,3.00,2.74
2012.03.09 10:35:53.350,0.67387,0.67412,3.00,3.49
2012.03.09 10:35:53.867,0.67387,0.67412,3.00,2.74
2012.03.09 10:35:53.996,0.67387,0.67412,3.60,2.25
2012.03.09 10:35:54.566,0.67387,0.67416,3.60,3.00
2012.03.09 10:35:58.581,0.67389,0.67419,1.35,3.00
2012.03.09 10:35:58.675,0.67389,0.67419,1.35,2.25
2012.03.09 10:35:58.864,0.67394,0.67423,2.25,2.40
2012.03.09 10:35:59.689,0.67394,0.67423,2.25,2.55
2012.03.09 10:36:00.190,0.67394,0.67423,2.25,2.40
2012.03.09 10:36:00.657,0.67394,0.67423,1.50,2.40
2012.03.09 10:36:01.087,0.67394,0.67423,2.25,2.25
2012.03.09 10:36:01.280,0.67394,0.67427,2.25,1.50
2012.03.09 10:36:01.407,0.67401,0.67423,1.50,1.50
2012.03.09 10:36:01.787,0.67402,0.67419,1.50,1.50
2012.03.09 10:36:04.928,0.67405,0.67421,1.50,3.00
2012.03.09 10:36:11.889,0.67405,0.67421,2.25,1.50
2012.03.09 10:36:12.138,0.67411,0.67428,1.50,3.00
2012.03.09 10:36:21.579,0.67414,0.6743,1.50,1.50
2012.03.09 10:36:21.887,0.67417,0.67433,1.50,2.25
2012.03.09 10:36:22.899,0.67417,0.67435,1.50,1.50
2012.03.09 10:36:23.726,0.67417,0.67432,1.50,2.25
2012.03.09 10:36:23.920,0.67414,0.67432,1.50,3.75
2012.03.09 10:36:24.541,0.67417,0.67432,1.50,2.25
2012.03.09 10:36:25.534,0.67415,0.67431,3.00,1.50
2012.03.09 10:36:26.862,0.67414,0.67432,1.50,2.25
2012.03.09 10:36:29.396,0.67412,0.67431,1.50,1.50
2012.03.09 10:36:33.086,0.67412,0.67431,1.50,2.25
2012.03.09 10:36:33.428,0.67408,0.67429,2.25,2.25
2012.03.09 10:36:33.629,0.67411,0.67431,1.50,2.25
2012.03.09 10:36:33.762,0.67408,0.67428,3.75,1.50
2012.03.09 10:36:49.449,0.67408,0.67427,1.50,2.25
2012.03.09 10:36:49.658,0.67406,0.67424,1.50,2.25
2012.03.09 10:36:57.438,0.67403,0.67421,1.50,1.50
2012.03.09 10:36:59.951,0.67405,0.67423,1.50,2.25
2012.03.09 10:37:00.259,0.67404,0.6742,1.50,1.50
2012.03.09 10:37:13.949,0.67402,0.67418,1.50,1.50
2012.03.09 10:37:14.077,0.674,0.67418,1.50,1.50
2012.03.09 10:37:15.900,0.67395,0.67412,1.50,1.50
2012.03.09 10:37:16.421,0.67394,0.67412,1.50,1.50
2012.03.09 10:37:17.739,0.67394,0.67412,1.50,2.25
2012.03.09 10:37:18.495,0.67392,0.67409,1.50,2.25
2012.03.09 10:37:20.247,0.67391,0.67409,1.50,2.25
2012.03.09 10:37:23.734,0.67393,0.67409,1.50,1.50
2012.03.09 10:37:24.163,0.67395,0.67411,1.50,1.50
2012.03.09 10:37:29.379,0.67396,0.67415,1.50,1.50
2012.03.09 10:37:35.987,0.67396,0.67413,1.50,2.25
2012.03.09 10:37:40.411,0.67396,0.67415,1.50,1.50
2012.03.09 10:37:40.480,0.67398,0.67415,1.50,1.50
2012.03.09 10:37:40.549,0.67399,0.67417,1.50,1.50
2012.03.09 10:37:52.406,0.67405,0.67423,1.50,2.25
2012.03.09 10:38:24.451,0.67404,0.67423,2.25,2.25
2012.03.09 10:38:24.518,0.67404,0.67431,3.75,4.80
2012.03.09 10:38:24.647,0.67408,0.67431,2.25,3.00
2012.03.09 10:38:33.087,0.67407,0.67433,2.25,3.00
2012.03.09 10:38:37.857,0.67403,0.67422,1.50,2.25
2012.03.09 10:38:37.928,0.67401,0.67422,1.50,2.25
2012.03.09 10:38:38.666,0.674,0.67422,1.50,2.25
2012.03.09 10:38:38.788,0.67398,0.67422,2.25,2.25
2012.03.09 10:38:38.917,0.674,0.67422,1.50,3.75
2012.03.09 10:38:39.229,0.67401,0.67419,1.50,1.50
2012.03.09 10:38:39.559,0.67409,0.67422,1.50,2.25
2012.03.09 10:38:39.688,0.67401,0.6742,1.50,1.50
2012.03.09 10:38:39.760,0.67405,0.67422,1.50,3.75
2012.03.09 10:38:39.829,0.67401,0.6742,1.50,1.50
2012.03.09 10:38:40.019,0.67403,0.6742,1.50,1.50
2012.03.09 10:38:40.149,0.67401,0.6742,1.50,1.50
2012.03.09 10:38:41.503,0.67402,0.67419,1.50,1.50
2012.03.09 10:39:01.527,0.67403,0.67419,1.50,1.50
2012.03.09 10:39:01.660,0.67405,0.67421,1.50,1.50
2012.03.09 10:39:16.568,0.674,0.67416,2.25,1.50
2012.03.09 10:39:22.927,0.67402,0.6742,1.50,1.50
2012.03.09 10:39:23.798,0.674,0.67416,1.50,1.50
2012.03.09 10:39:34.432,0.674,0.67416,2.25,1.50
2012.03.09 10:39:34.700,0.67403,0.67419,3.75,1.50
2012.03.09 10:39:34.833,0.67407,0.67419,2.25,1.50
2012.03.09 10:39:35.312,0.6741,0.67426,1.50,1.99
2012.03.09 10:39:35.373,0.6741,0.67426,1.50,1.50
2012.03.09 10:39:41.711,0.67407,0.67424,3.75,1.50
2012.03.09 10:39:43.062,0.67406,0.67424,1.50,1.50
2012.03.09 10:39:44.418,0.67406,0.67422,1.50,2.25
2012.03.09 10:39:44.760,0.67404,0.6742,1.50,1.50
2012.03.09 10:39:48.877,0.67406,0.67422,1.50,3.75
2012.03.09 10:39:51.712,0.67406,0.67423,1.50,1.50
2012.03.09 10:39:52.294,0.67406,0.67422,1.50,2.25
2012.03.09 10:39:52.817,0.67406,0.67423,1.50,1.50
2012.03.09 10:39:57.331,0.67406,0.67422,1.50,2.25
2012.03.09 10:39:59.632,0.67404,0.6742,1.50,1.50
2012.03.09 10:40:02.799,0.67405,0.67422,1.50,1.50
2012.03.09 10:40:02.948,0.67405,0.67424,1.50,1.50
2012.03.09 10:40:04.364,0.67405,0.67424,2.25,1.50
2012.03.09 10:40:05.162,0.67405,0.67424,1.50,1.50
2012.03.09 10:40:18.209,0.67409,0.67425,1.50,3.00
2012.03.09 10:40:20.554,0.6741,0.67429,1.50,2.25
2012.03.09 10:40:21.072,0.6741,0.67429,1.50,1.50
2012.03.09 10:40:21.399,0.67414,0.6743,1.50,1.50
2012.03.09 10:40:22.644,0.67414,0.6743,1.50,2.25
2012.03.09 10:40:22.713,0.67411,0.67428,1.50,2.25
2012.03.09 10:40:25.739,0.67411,0.67427,1.50,1.50
2012.03.09 10:40:26.180,0.67409,0.67425,1.50,1.50
2012.03.09 10:40:26.457,0.67411,0.67428,1.50,2.25
2012.03.09 10:40:41.720,0.67411,0.67428,2.25,1.50
2012.03.09 10:40:42.212,0.67411,0.67428,2.25,1.50
2012.03.09 10:40:42.351,0.67414,0.67432,2.25,2.25
2012.03.09 10:40:42.425,0.67419,0.67432,2.25,2.25
2012.03.09 10:40:43.078,0.67419,0.67435,2.25,1.50
2012.03.09 10:40:43.184,0.67424,0.67441,1.50,1.50
2012.03.09 10:40:43.392,0.67424,0.67441,1.50,2.25
2012.03.09 10:40:43.701,0.67419,0.67433,1.50,2.25
2012.03.09 10:40:44.421,0.67421,0.67439,1.50,1.50
2012.03.09 10:40:44.493,0.67423,0.67442,1.50,1.50
2012.03.09 10:40:44.620,0.67421,0.67433,1.50,2.25
2012.03.09 10:40:46.468,0.67421,0.67437,1.50,1.50
2012.03.09 10:40:47.126,0.67421,0.67433,1.50,2.25
2012.03.09 10:40:47.839,0.67417,0.67433,1.50,2.25
2012.03.09 10:40:52.851,0.67417,0.67435,1.50,1.50
2012.03.09 10:40:53.323,0.67417,0.67432,1.50,2.25
2012.03.09 10:40:53.511,0.67415,0.67432,1.50,3.75
2012.03.09 10:40:57.107,0.67419,0.67432,1.50,2.25
2012.03.09 10:40:57.177,0.67419,0.67435,1.50,1.50
2012.03.09 10:40:59.027,0.67419,0.67435,1.50,2.25
2012.03.09 10:40:59.339,0.67415,0.67433,1.50,3.75
2012.03.09 10:41:07.118,0.67418,0.67433,1.50,2.25
2012.03.09 10:41:07.188,0.67418,0.67436,1.50,1.50
2012.03.09 10:41:13.032,0.67419,0.67436,1.50,1.50
2012.03.09 10:41:13.097,0.67421,0.67439,1.50,1.50
2012.03.09 10:41:14.710,0.67421,0.67439,1.50,2.25
2012.03.09 10:41:15.265,0.67421,0.67439,1.50,1.50
2012.03.09 10:41:15.790,0.67421,0.67439,1.50,2.25
2012.03.09 10:41:17.419,0.67423,0.67439,2.25,1.50
2012.03.09 10:41:17.608,0.67423,0.67441,3.75,1.50
2012.03.09 10:41:17.919,0.67427,0.67442,1.50,2.25
2012.03.09 10:41:18.442,0.67428,0.67447,1.50,1.50
2012.03.09 10:41:19.190,0.67426,0.67444,1.50,1.50
2012.03.09 10:41:19.522,0.67424,0.67442,2.25,3.75
2012.03.09 10:41:19.954,0.67426,0.67442,1.50,2.25
2012.03.09 10:41:25.889,0.67428,0.67444,2.25,1.50
2012.03.09 10:41:26.020,0.67428,0.67447,3.75,1.50
2012.03.09 10:41:26.718,0.67428,0.67442,1.50,2.25
2012.03.09 10:41:26.790,0.67428,0.67447,3.75,1.50
2012.03.09 10:41:34.339,0.67435,0.67447,2.25,1.50
2012.03.09 10:41:34.472,0.67431,0.67447,2.10,1.50
2012.03.09 10:41:34.539,0.67438,0.67452,1.50,2.25
2012.03.09 10:41:34.667,0.67434,0.67451,1.50,1.50
2012.03.09 10:41:35.421,0.67438,0.67453,1.50,1.50
2012.03.09 10:41:36.107,0.67438,0.67454,1.50,1.50
2012.03.09 10:41:39.999,0.67434,0.67452,1.50,1.50
2012.03.09 10:41:44.269,0.67434,0.6745,1.50,1.50
2012.03.09 10:41:44.588,0.6743,0.67446,2.25,1.50
2012.03.09 10:41:45.231,0.67425,0.67443,1.50,1.50
2012.03.09 10:41:47.979,0.67423,0.67439,1.50,1.50
2012.03.09 10:41:48.291,0.6742,0.67437,1.50,1.50
2012.03.09 10:41:48.818,0.67418,0.67434,1.50,1.50
2012.03.09 10:41:49.119,0.67412,0.67428,1.50,1.50
2012.03.09 10:42:06.777,0.67415,0.67431,1.50,1.50
2012.03.09 10:42:07.087,0.67418,0.67433,1.50,2.25
2012.03.09 10:42:11.513,0.67421,0.67436,1.50,1.50
2012.03.09 10:42:12.196,0.67423,0.6744,1.50,1.50
2012.03.09 10:42:12.274,0.67428,0.67447,1.50,1.50
2012.03.09 10:42:12.852,0.67432,0.67448,1.50,1.50
2012.03.09 10:42:13.013,0.67433,0.67451,1.50,1.50
2012.03.09 10:42:13.442,0.67436,0.67453,1.50,1.50
2012.03.09 10:42:14.081,0.67436,0.67454,1.50,1.50
2012.03.09 10:42:14.750,0.67438,0.67454,2.25,1.50
2012.03.09 10:42:15.068,0.6744,0.67456,1.50,1.50
2012.03.09 10:42:16.175,0.6744,0.67453,1.50,2.25
2012.03.09 10:42:16.250,0.6744,0.67456,1.50,1.50
2012.03.09 10:42:16.322,0.6744,0.67456,1.50,2.25
2012.03.09 10:42:16.390,0.6744,0.67456,1.50,1.50
2012.03.09 10:42:16.461,0.6744,0.67453,1.50,2.25
2012.03.09 10:42:16.533,0.6744,0.67456,1.50,1.50
2012.03.09 10:42:16.669,0.67433,0.67452,2.25,1.50
2012.03.09 10:42:16.731,0.67437,0.67453,1.50,1.50
2012.03.09 10:42:19.189,0.67434,0.67452,1.50,1.50
2012.03.09 10:42:19.738,0.67433,0.67452,1.50,3.75
2012.03.09 10:42:20.751,0.67432,0.67448,3.00,1.50
2012.03.09 10:42:21.189,0.6743,0.67445,1.50,1.50
2012.03.09 10:42:21.749,0.67429,0.67445,1.50,1.50
2012.03.09 10:42:29.623,0.67431,0.67449,1.50,1.50
2012.03.09 10:42:48.432,0.67431,0.67448,1.50,1.50
2012.03.09 10:42:48.505,0.67429,0.67445,1.50,1.50
2012.03.09 10:42:48.981,0.67426,0.67442,3.00,1.50
2012.03.09 10:42:52.494,0.67426,0.67442,2.25,1.50
2012.03.09 10:42:52.879,0.6743,0.67446,1.50,1.50
2012.03.09 10:43:10.160,0.6743,0.67446,1.50,2.25
2012.03.09 10:43:10.255,0.67426,0.67444,1.50,2.25
2012.03.09 10:43:10.381,0.67426,0.67439,1.50,1.50
2012.03.09 10:43:10.450,0.6742,0.67438,3.75,1.50
2012.03.09 10:43:14.779,0.67418,0.67434,1.50,1.50
2012.03.09 10:43:14.851,0.67415,0.67434,4.50,1.50
2012.03.09 10:43:15.367,0.67415,0.67434,2.25,1.50
2012.03.09 10:43:15.488,0.67412,0.67434,1.50,1.50
2012.03.09 10:43:15.808,0.67409,0.67436,3.75,1.50
2012.03.09 10:43:16.537,0.67409,0.67432,3.00,2.25
2012.03.09 10:43:19.266,0.67407,0.67439,6.00,4.99
2012.03.09 10:43:19.386,0.67409,0.67433,3.00,2.25
2012.03.09 10:43:23.649,0.6741,0.67439,3.00,2.25
2012.03.09 10:43:25.848,0.6741,0.67438,3.75,1.50
2012.03.09 10:43:25.918,0.6741,0.67435,3.75,1.50
2012.03.09 10:43:26.247,0.6741,0.67432,3.75,2.25
2012.03.09 10:43:28.278,0.67411,0.67438,3.00,1.50
2012.03.09 10:43:28.518,0.67417,0.67436,1.50,1.50
2012.03.09 10:43:31.729,0.67416,0.67434,1.50,1.50
2012.03.09 10:43:38.120,0.67414,0.67429,1.50,1.50
2012.03.09 10:43:38.189,0.67411,0.67429,3.75,1.50
2012.03.09 10:43:40.219,0.67411,0.67429,2.25,1.50
2012.03.09 10:43:40.306,0.67415,0.67431,1.50,1.50
2012.03.09 10:43:44.617,0.67416,0.67431,1.50,1.50
2012.03.09 10:43:44.690,0.67418,0.67436,1.50,1.50
2012.03.09 10:43:45.030,0.67415,0.67432,1.50,2.25
2012.03.09 10:43:45.682,0.67415,0.67434,1.50,1.50
2012.03.09 10:43:45.755,0.67418,0.67434,2.25,1.50
2012.03.09 10:43:45.878,0.67421,0.67439,1.50,1.50
2012.03.09 10:43:46.008,0.67419,0.67433,1.50,2.25
2012.03.09 10:43:46.140,0.67419,0.67435,1.50,1.50
2012.03.09 10:43:46.794,0.67416,0.67433,1.50,1.50
2012.03.09 10:43:49.989,0.67416,0.67433,2.25,1.50
2012.03.09 10:43:50.580,0.67419,0.67435,1.50,1.50
2012.03.09 10:43:50.708,0.67416,0.67433,1.50,1.50
2012.03.09 10:43:53.334,0.67414,0.67428,1.50,1.50
2012.03.09 10:43:53.459,0.67409,0.67425,1.50,1.50
2012.03.09 10:44:01.099,0.67409,0.67423,1.50,2.25
2012.03.09 10:44:03.388,0.67406,0.67422,1.50,1.50
2012.03.09 10:44:21.812,0.67403,0.67419,1.50,1.50
2012.03.09 10:44:23.919,0.67403,0.67419,2.25,1.50
2012.03.09 10:44:24.102,0.67405,0.67421,2.25,1.50
2012.03.09 10:44:24.170,0.67405,0.67423,2.25,3.75
2012.03.09 10:44:27.937,0.67405,0.67423,1.50,3.75
2012.03.09 10:44:33.953,0.67405,0.67423,2.25,3.75
2012.03.09 10:44:38.669,0.67405,0.67423,1.50,3.75
2012.03.09 10:44:39.578,0.67405,0.67423,2.25,3.75
2012.03.09 10:44:40.358,0.67405,0.67423,1.50,3.75
2012.03.09 10:44:40.675,0.67405,0.67423,2.25,3.75
2012.03.09 10:44:42.840,0.67405,0.67423,1.50,3.75
2012.03.09 10:44:49.439,0.67405,0.67423,2.25,3.75
2012.03.09 10:44:50.931,0.67402,0.6742,2.25,1.50
2012.03.09 10:44:51.428,0.67402,0.6742,2.25,1.50
2012.03.09 10:44:51.500,0.674,0.67416,1.50,1.50
2012.03.09 10:44:54.752,0.67394,0.67412,1.50,1.50
2012.03.09 10:44:55.008,0.67392,0.67409,2.25,1.50
2012.03.09 10:44:57.829,0.67387,0.67402,1.50,2.25
2012.03.09 10:45:05.248,0.67386,0.67401,1.50,1.50
2012.03.09 10:45:05.761,0.67385,0.67401,2.25,1.50
2012.03.09 10:45:06.299,0.67388,0.67404,1.50,1.50
2012.03.09 10:45:06.429,0.6739,0.67407,1.50,1.50
2012.03.09 10:45:06.939,0.6739,0.67408,1.50,1.50
2012.03.09 10:45:07.541,0.6739,0.67408,2.25,1.50
2012.03.09 10:45:07.858,0.67388,0.67405,2.25,1.50
2012.03.09 10:45:07.928,0.67391,0.67407,2.25,1.50
2012.03.09 10:45:08.462,0.67391,0.67407,1.50,1.50
2012.03.09 10:45:09.004,0.67388,0.67406,3.75,1.50
2012.03.09 10:45:09.070,0.67391,0.67407,1.50,1.50
2012.03.09 10:45:09.378,0.67387,0.67403,2.25,2.25
2012.03.09 10:45:10.751,0.67385,0.67403,3.00,3.75
2012.03.09 10:45:17.774,0.67385,0.67403,2.25,3.75
2012.03.09 10:45:17.844,0.67388,0.67404,1.50,1.50
2012.03.09 10:45:18.232,0.67386,0.67402,1.50,3.75
2012.03.09 10:45:25.800,0.67383,0.674,1.50,1.50
2012.03.09 10:45:27.273,0.67385,0.67402,1.50,2.25
2012.03.09 10:45:29.700,0.67383,0.674,1.50,1.50
2012.03.09 10:45:31.465,0.67383,0.674,2.25,1.50
2012.03.09 10:45:31.528,0.67383,0.674,1.50,1.50
2012.03.09 10:45:33.939,0.67386,0.67402,1.50,5.25
2012.03.09 10:45:42.350,0.67388,0.67402,1.50,2.25
2012.03.09 10:45:44.694,0.67385,0.67402,1.50,2.25
2012.03.09 10:45:46.681,0.67385,0.67402,2.25,2.25
2012.03.09 10:45:46.913,0.67388,0.67402,1.50,2.25
2012.03.09 10:45:47.160,0.67397,0.67413,1.50,3.75
2012.03.09 10:45:47.411,0.67393,0.67411,1.50,1.50
2012.03.09 10:45:48.594,0.67391,0.67407,1.50,1.50
2012.03.09 10:45:53.258,0.67391,0.67407,2.25,1.50
2012.03.09 10:45:53.569,0.67393,0.67409,1.50,1.50
2012.03.09 10:46:03.341,0.6739,0.67406,1.50,1.50
2012.03.09 10:46:06.363,0.67387,0.67403,1.50,1.50
2012.03.09 10:46:07.168,0.67384,0.67401,1.50,1.50
2012.03.09 10:46:07.239,0.67382,0.67401,3.75,1.50
2012.03.09 10:46:10.115,0.67382,0.67401,2.25,1.50
2012.03.09 10:46:10.184,0.67385,0.67403,2.25,3.75
2012.03.09 10:46:10.879,0.67385,0.67403,1.50,3.75
2012.03.09 10:46:11.171,0.67384,0.674,1.50,1.50
2012.03.09 10:46:11.479,0.67381,0.67397,2.25,1.50
2012.03.09 10:46:16.159,0.6738,0.674,2.25,1.50
2012.03.09 10:46:17.624,0.67384,0.67403,1.50,2.25
2012.03.09 10:46:18.135,0.67384,0.67403,2.25,2.25
2012.03.09 10:46:18.724,0.67384,0.67403,2.25,2.25
2012.03.09 10:46:18.849,0.67391,0.67403,3.00,2.25
2012.03.09 10:46:18.919,0.67391,0.67403,3.00,2.25
2012.03.09 10:46:18.990,0.67391,0.67406,3.00,1.50
2012.03.09 10:46:19.301,0.67395,0.67418,3.00,1.50
2012.03.09 10:46:19.368,0.67398,0.67421,2.25,1.09
2012.03.09 10:46:19.687,0.67398,0.67419,4.50,1.50
2012.03.09 10:46:19.811,0.67401,0.67421,2.25,1.50
2012.03.09 10:46:20.611,0.67403,0.67421,1.50,1.50
2012.03.09 10:46:20.869,0.67407,0.67422,1.50,2.25
2012.03.09 10:46:21.417,0.67407,0.67423,1.50,1.50
2012.03.09 10:46:25.789,0.67407,0.67422,1.50,2.25
2012.03.09 10:46:26.365,0.67407,0.67423,1.50,1.50
2012.03.09 10:46:29.750,0.67404,0.6742,3.00,1.50
2012.03.09 10:46:40.680,0.67406,0.67422,1.50,1.50
2012.03.09 10:46:40.879,0.67406,0.67424,2.25,1.50
2012.03.09 10:46:42.378,0.67406,0.67423,1.50,2.25
2012.03.09 10:46:42.448,0.67406,0.67418,1.50,1.50
2012.03.09 10:46:42.520,0.67403,0.67421,5.10,1.50
2012.03.09 10:46:42.650,0.67408,0.67423,2.25,1.50
2012.03.09 10:46:42.838,0.6741,0.67426,1.50,3.49
2012.03.09 10:46:43.528,0.67408,0.67424,3.75,1.50
2012.03.09 10:46:44.189,0.67406,0.67424,1.50,1.50
2012.03.09 10:46:45.644,0.67406,0.67424,2.25,1.50
2012.03.09 10:46:45.771,0.67406,0.67424,2.25,1.50
2012.03.09 10:46:45.841,0.6741,0.67426,2.25,1.50
2012.03.09 10:46:45.968,0.6741,0.67429,2.25,1.50
2012.03.09 10:46:46.103,0.6741,0.67429,1.50,1.50
2012.03.09 10:46:46.510,0.6741,0.67429,2.25,1.50
2012.03.09 10:46:47.099,0.6741,0.67429,1.50,1.50
2012.03.09 10:46:49.618,0.6741,0.67429,1.50,2.25
2012.03.09 10:46:49.750,0.67409,0.67425,3.00,1.50
2012.03.09 10:46:50.060,0.67406,0.67422,1.50,1.50
2012.03.09 10:46:50.951,0.67403,0.67419,1.50,1.50
2012.03.09 10:46:51.568,0.67399,0.67417,1.50,1.50
2012.03.09 10:46:54.139,0.67396,0.67415,2.25,1.50
2012.03.09 10:46:54.468,0.674,0.67416,1.50,1.50
2012.03.09 10:46:56.482,0.674,0.67416,2.25,1.50
2012.03.09 10:46:57.973,0.674,0.67416,1.50,1.50
2012.03.09 10:47:04.550,0.67398,0.67414,1.50,1.50
2012.03.09 10:47:05.677,0.67397,0.67414,1.50,1.50
2012.03.09 10:47:11.463,0.67397,0.67414,2.25,1.50
2012.03.09 10:47:11.651,0.67399,0.67417,2.25,1.50
2012.03.09 10:47:11.721,0.67399,0.67417,1.50,1.50
2012.03.09 10:47:12.990,0.67397,0.67414,1.50,1.50
2012.03.09 10:47:13.657,0.67397,0.67414,2.25,1.50
2012.03.09 10:47:16.300,0.67397,0.67414,2.25,1.50
2012.03.09 10:47:22.675,0.67397,0.67414,2.25,1.50
2012.03.09 10:47:28.724,0.67397,0.67414,2.25,1.50
2012.03.09 10:47:34.952,0.67397,0.67412,1.50,2.25
2012.03.09 10:47:35.760,0.67397,0.67408,1.50,1.50
2012.03.09 10:47:35.840,0.67388,0.67405,1.50,1.50
2012.03.09 10:47:36.030,0.67384,0.67406,1.50,1.50
2012.03.09 10:47:37.522,0.67381,0.67402,3.75,1.50
2012.03.09 10:47:37.829,0.67379,0.674,2.25,1.50
2012.03.09 10:47:41.053,0.67382,0.67402,1.50,1.50
2012.03.09 10:47:41.578,0.67378,0.67403,2.25,2.25
2012.03.09 10:47:41.969,0.67378,0.67403,1.50,3.00
2012.03.09 10:47:42.160,0.67377,0.67403,2.25,3.00
2012.03.09 10:47:42.420,0.67376,0.67402,1.50,1.50
2012.03.09 10:47:42.860,0.67378,0.67402,2.25,3.75
2012.03.09 10:47:46.438,0.67375,0.67402,3.00,4.35
2012.03.09 10:47:49.757,0.67372,0.67393,3.75,2.25
2012.03.09 10:47:50.068,0.67372,0.67393,3.00,2.25
2012.03.09 10:47:50.397,0.67372,0.67393,3.00,2.25
2012.03.09 10:47:50.519,0.67372,0.67393,3.00,2.25
2012.03.09 10:47:50.889,0.67372,0.67402,3.00,4.35
2012.03.09 10:47:51.077,0.67372,0.67402,3.75,5.10
2012.03.09 10:47:51.159,0.67372,0.67393,3.75,2.25
2012.03.09 10:47:54.448,0.67372,0.67393,3.00,2.25
2012.03.09 10:47:55.178,0.67372,0.67402,3.00,4.35
2012.03.09 10:47:56.945,0.67372,0.67402,2.25,5.10
2012.03.09 10:47:58.325,0.67374,0.67402,2.25,2.85
2012.03.09 10:48:01.964,0.67369,0.67401,4.77,3.00
2012.03.09 10:48:02.031,0.67369,0.67401,3.75,3.00
2012.03.09 10:48:02.277,0.67369,0.67392,3.75,2.25
2012.03.09 10:48:04.416,0.67368,0.67392,2.85,2.25
2012.03.09 10:48:07.085,0.67368,0.67388,2.25,1.50
2012.03.09 10:48:08.600,0.67368,0.67388,3.00,1.50
2012.03.09 10:48:08.821,0.6737,0.6739,2.25,3.00
2012.03.09 10:48:10.548,0.67374,0.67392,1.50,2.25
2012.03.09 10:48:11.028,0.67371,0.67391,2.25,1.50
2012.03.09 10:48:11.221,0.67374,0.67392,1.50,2.25
2012.03.09 10:48:11.853,0.67375,0.67391,1.50,1.50
2012.03.09 10:48:12.548,0.67378,0.67392,1.50,2.25
2012.03.09 10:48:19.733,0.67375,0.67391,1.50,1.50
2012.03.09 10:48:20.133,0.67371,0.67389,4.50,1.50
2012.03.09 10:48:20.987,0.67375,0.67391,1.50,1.50
2012.03.09 10:48:24.714,0.67378,0.67394,1.50,1.50
2012.03.09 10:48:31.790,0.67379,0.67394,1.50,1.50
2012.03.09 10:48:31.919,0.67384,0.67401,1.50,1.50
2012.03.09 10:48:32.245,0.67386,0.67401,1.50,1.50
2012.03.09 10:48:32.327,0.67391,0.67409,1.50,1.50
2012.03.09 10:48:32.791,0.67389,0.67405,1.50,1.50
2012.03.09 10:48:34.170,0.67389,0.67405,2.25,1.50
2012.03.09 10:48:34.359,0.67396,0.67412,1.50,3.00
2012.03.09 10:48:34.608,0.67398,0.67415,1.50,1.50
2012.03.09 10:48:34.829,0.67398,0.67413,1.50,2.25
2012.03.09 10:48:37.443,0.67395,0.67413,1.50,3.75
2012.03.09 10:48:37.947,0.67393,0.67411,1.50,1.50
2012.03.09 10:48:38.549,0.67392,0.67411,1.50,1.50
2012.03.09 10:48:41.918,0.67397,0.67412,1.50,1.50
2012.03.09 10:48:42.418,0.67397,0.67413,1.50,1.50
2012.03.09 10:48:42.699,0.67393,0.67411,1.50,1.50
2012.03.09 10:48:47.041,0.67392,0.67406,2.25,1.50
2012.03.09 10:48:47.169,0.67388,0.67406,3.75,1.50
2012.03.09 10:48:47.298,0.67392,0.67407,1.50,1.50
2012.03.09 10:48:47.840,0.67392,0.67408,1.50,1.50
2012.03.09 10:48:51.391,0.67393,0.67408,2.25,1.50
2012.03.09 10:48:51.698,0.67398,0.67408,2.25,1.50
2012.03.09 10:48:52.108,0.67399,0.67417,1.50,1.50
2012.03.09 10:48:56.681,0.67399,0.67413,1.50,2.25
2012.03.09 10:48:57.424,0.67387,0.67403,4.50,1.50
2012.03.09 10:48:58.020,0.67387,0.67403,2.25,1.50
2012.03.09 10:48:58.242,0.67387,0.67403,2.25,1.50
2012.03.09 10:48:58.433,0.67387,0.67403,2.25,1.50
2012.03.09 10:48:58.682,0.67393,0.6741,1.50,1.50
2012.03.09 10:48:59.283,0.67396,0.67412,1.50,1.50
2012.03.09 10:48:59.914,0.67397,0.67412,2.25,1.50
2012.03.09 10:49:01.300,0.67396,0.67412,1.50,1.50
2012.03.09 10:49:01.842,0.67393,0.6741,3.75,1.50
2012.03.09 10:49:06.118,0.67393,0.67409,1.50,1.50
2012.03.09 10:49:06.188,0.6739,0.67408,1.50,1.50
2012.03.09 10:49:17.160,0.67389,0.67406,1.50,1.50
2012.03.09 10:49:17.229,0.67387,0.67406,3.75,1.50
2012.03.09 10:49:18.649,0.67391,0.67407,1.50,1.50
2012.03.09 10:49:29.961,0.67388,0.67405,3.00,1.50
2012.03.09 10:49:33.357,0.67387,0.67403,2.25,1.50
2012.03.09 10:49:33.442,0.67385,0.67403,1.50,3.75
2012.03.09 10:49:33.692,0.67385,0.67403,1.50,4.50
2012.03.09 10:49:34.241,0.67383,0.67392,1.50,1.50
2012.03.09 10:49:34.311,0.6738,0.67392,1.50,1.50
2012.03.09 10:49:34.380,0.67376,0.67392,1.50,1.50
2012.03.09 10:49:35.737,0.67375,0.67395,1.50,1.50
2012.03.09 10:49:35.988,0.67378,0.67401,2.25,1.50
2012.03.09 10:49:36.120,0.67375,0.67401,1.50,1.50
2012.03.09 10:49:36.248,0.67378,0.67401,2.25,1.50
2012.03.09 10:49:40.771,0.67378,0.67402,2.25,2.25
2012.03.09 10:49:41.242,0.6738,0.67402,2.25,2.25
2012.03.09 10:49:41.548,0.6738,0.67402,3.00,2.25
2012.03.09 10:49:42.182,0.67392,0.67412,1.50,3.75
2012.03.09 10:49:44.270,0.67395,0.67415,3.00,1.50
2012.03.09 10:49:44.593,0.67398,0.67418,1.50,2.25
2012.03.09 10:49:48.475,0.67398,0.67413,1.50,2.25
2012.03.09 10:49:48.717,0.67395,0.67413,1.50,2.25
2012.03.09 10:49:55.954,0.67395,0.67415,1.50,1.50
2012.03.09 10:49:57.761,0.67395,0.67415,2.25,1.50
2012.03.09 10:49:57.947,0.67397,0.67419,1.50,1.50
2012.03.09 10:50:00.488,0.67398,0.67418,1.50,1.50
2012.03.09 10:50:00.992,0.67399,0.67415,1.50,1.50
2012.03.09 10:50:02.413,0.67402,0.67417,1.50,1.50
2012.03.09 10:50:02.500,0.67402,0.67419,1.50,1.50
2012.03.09 10:50:03.051,0.67404,0.67422,1.50,1.50
2012.03.09 10:50:03.330,0.67401,0.6742,1.50,1.50
2012.03.09 10:50:09.021,0.67401,0.6742,2.25,1.50
2012.03.09 10:50:09.151,0.67404,0.67422,1.50,1.50
2012.03.09 10:50:10.403,0.67404,0.67423,1.50,2.25
2012.03.09 10:50:12.977,0.67404,0.67424,1.50,1.50
2012.03.09 10:50:13.412,0.67404,0.67422,1.50,2.25
2012.03.09 10:50:16.440,0.67402,0.67421,2.25,1.50
2012.03.09 10:50:16.569,0.67406,0.67424,1.50,1.50
2012.03.09 10:50:16.881,0.6741,0.67428,1.50,1.99
2012.03.09 10:50:21.675,0.67411,0.67428,1.50,1.50
2012.03.09 10:50:21.756,0.67412,0.6743,1.50,1.50
2012.03.09 10:50:30.612,0.67409,0.67425,1.50,1.50
2012.03.09 10:50:35.889,0.67409,0.67423,1.50,1.50
2012.03.09 10:50:35.960,0.67406,0.67422,2.25,1.50
2012.03.09 10:50:36.208,0.67406,0.67418,2.25,1.50
2012.03.09 10:50:36.280,0.67402,0.67418,1.50,1.50
2012.03.09 10:50:36.818,0.67403,0.67418,1.50,1.50
2012.03.09 10:50:36.889,0.67405,0.67421,1.50,1.50
2012.03.09 10:50:56.663,0.67403,0.67419,1.50,1.50
2012.03.09 10:50:57.812,0.67402,0.67419,1.50,1.50
2012.03.09 10:51:00.849,0.67404,0.67422,1.50,1.50
2012.03.09 10:51:13.450,0.67403,0.67419,1.50,1.50
2012.03.09 10:51:13.962,0.67402,0.67419,1.50,1.50
2012.03.09 10:51:14.329,0.674,0.67416,1.50,1.50
2012.03.09 10:51:21.767,0.67398,0.67414,3.75,1.50
2012.03.09 10:51:22.451,0.67398,0.67411,2.25,1.50
2012.03.09 10:51:31.920,0.67393,0.67411,2.25,1.50
2012.03.09 10:51:32.438,0.67398,0.67412,1.50,1.50
2012.03.09 10:51:32.511,0.67398,0.67414,1.50,1.50
2012.03.09 10:51:38.073,0.67395,0.67412,1.50,1.50
2012.03.09 10:51:38.620,0.67394,0.67412,1.50,1.50
2012.03.09 10:51:52.426,0.67392,0.67404,1.50,1.50
2012.03.09 10:51:52.494,0.67388,0.67404,3.75,1.50
2012.03.09 10:51:56.390,0.67385,0.67401,1.50,1.50
2012.03.09 10:52:16.253,0.67382,0.67398,1.50,1.50
2012.03.09 10:52:17.092,0.67381,0.67397,1.50,1.50
2012.03.09 10:52:26.260,0.67383,0.67401,1.50,1.50
2012.03.09 10:52:26.392,0.67386,0.67404,1.50,2.25
2012.03.09 10:52:27.032,0.67388,0.67407,1.50,2.25
2012.03.09 10:52:29.983,0.67388,0.67402,1.50,2.25
2012.03.09 10:52:30.474,0.67381,0.67399,1.50,2.25
2012.03.09 10:52:30.791,0.67384,0.67401,1.50,2.25
2012.03.09 10:52:31.512,0.67384,0.67401,1.50,1.50
2012.03.09 10:52:32.732,0.67384,0.67401,1.50,2.25
2012.03.09 10:52:33.710,0.67384,0.67401,1.50,1.50
2012.03.09 10:52:33.931,0.67384,0.67401,1.50,2.25
2012.03.09 10:52:34.150,0.67381,0.67399,1.50,2.25
2012.03.09 10:52:34.784,0.67381,0.67399,1.50,1.50
2012.03.09 10:52:38.942,0.67383,0.67399,2.25,1.50
2012.03.09 10:52:39.678,0.67388,0.67399,2.25,1.50
2012.03.09 10:52:39.750,0.67383,0.67402,3.75,3.75
2012.03.09 10:52:39.879,0.67386,0.67402,1.50,2.25
2012.03.09 10:52:43.448,0.67383,0.67402,1.50,3.75
2012.03.09 10:52:48.060,0.67383,0.67402,1.50,4.50
2012.03.09 10:52:48.589,0.67383,0.67402,1.50,3.75
2012.03.09 10:52:53.607,0.67387,0.67403,1.50,5.25
2012.03.09 10:52:56.691,0.67384,0.67401,1.50,1.50
2012.03.09 10:52:58.506,0.67387,0.67403,1.50,3.75
2012.03.09 10:52:59.814,0.67389,0.67403,1.50,2.25
2012.03.09 10:53:00.060,0.67387,0.67403,1.50,3.75
2012.03.09 10:53:00.131,0.67388,0.67407,1.50,1.50
2012.03.09 10:53:11.792,0.67387,0.67403,3.75,1.50
2012.03.09 10:53:12.323,0.67387,0.67402,1.50,2.25
2012.03.09 10:53:12.391,0.67383,0.67402,1.50,3.75
2012.03.09 10:53:15.694,0.67387,0.67402,2.25,3.75
2012.03.09 10:53:16.393,0.67395,0.67402,1.50,2.25
2012.03.09 10:53:16.599,0.67397,0.67406,3.00,1.50
2012.03.09 10:53:16.853,0.67397,0.6741,3.00,1.50
2012.03.09 10:53:16.923,0.67401,0.67411,2.25,1.50
2012.03.09 10:53:17.056,0.67404,0.6742,1.50,1.50
2012.03.09 10:53:17.123,0.67404,0.67422,1.50,1.50
2012.03.09 10:53:17.768,0.67402,0.67419,1.50,1.50
2012.03.09 10:53:18.555,0.67401,0.6742,1.50,1.50
2012.03.09 10:53:20.482,0.67401,0.6742,1.50,2.25
2012.03.09 10:53:20.633,0.67401,0.6742,1.50,1.50
2012.03.09 10:53:21.550,0.674,0.67416,1.50,1.50
2012.03.09 10:53:21.678,0.67395,0.67413,1.50,1.50
2012.03.09 10:53:21.919,0.67393,0.6741,1.50,1.50
2012.03.09 10:53:22.351,0.67392,0.6741,1.50,2.25
2012.03.09 10:53:23.295,0.67389,0.67405,1.50,1.50
2012.03.09 10:53:23.369,0.67389,0.67403,1.50,2.25
2012.03.09 10:53:23.505,0.67385,0.67401,1.50,1.50
2012.03.09 10:53:26.990,0.67388,0.67403,1.50,2.25
2012.03.09 10:53:27.703,0.67384,0.67402,2.25,1.50
2012.03.09 10:53:28.862,0.67388,0.67403,1.50,3.75
2012.03.09 10:53:32.272,0.67391,0.67407,1.50,1.50
2012.03.09 10:53:41.072,0.67388,0.67404,1.50,1.50
2012.03.09 10:53:51.739,0.67391,0.67406,1.50,1.50
2012.03.09 10:53:51.991,0.67392,0.67411,1.50,1.50
2012.03.09 10:53:52.972,0.67395,0.67412,1.50,2.25
2012.03.09 10:54:15.609,0.67395,0.67412,2.25,2.25
2012.03.09 10:54:16.079,0.67395,0.67413,1.50,1.50
2012.03.09 10:54:16.155,0.67399,0.67417,1.50,1.50
2012.03.09 10:54:18.186,0.67398,0.6741,1.50,1.50
2012.03.09 10:54:18.250,0.67394,0.6741,1.50,1.50
2012.03.09 10:54:19.399,0.67397,0.67412,1.50,3.75
2012.03.09 10:54:32.570,0.67393,0.67411,1.50,1.50
2012.03.09 10:54:37.924,0.67393,0.67411,2.25,1.50
2012.03.09 10:54:38.472,0.67397,0.67412,1.50,2.25
2012.03.09 10:54:49.452,0.67394,0.6741,3.00,1.50
2012.03.09 10:55:02.657,0.67399,0.6741,3.75,1.50
2012.03.09 10:55:03.609,0.67403,0.6741,2.25,1.50
2012.03.09 10:55:03.968,0.67403,0.67418,2.25,1.50
2012.03.09 10:55:04.516,0.67408,0.67426,1.50,1.50
2012.03.09 10:55:19.929,0.67408,0.67426,1.50,2.25
2012.03.09 10:55:20.059,0.67405,0.67421,1.50,1.50
2012.03.09 10:55:33.616,0.67401,0.6742,1.50,1.50
2012.03.09 10:55:53.503,0.67401,0.6742,1.50,2.25
2012.03.09 10:55:53.691,0.67399,0.67417,1.50,1.50
2012.03.09 10:55:54.040,0.67397,0.67413,5.25,1.50
2012.03.09 10:55:54.348,0.67394,0.6741,1.50,1.50
2012.03.09 10:56:00.163,0.67394,0.6741,1.50,2.25
2012.03.09 10:56:01.099,0.67394,0.6741,1.50,1.50
2012.03.09 10:56:01.734,0.67394,0.6741,1.50,2.25
2012.03.09 10:56:02.589,0.67394,0.6741,1.50,1.50
2012.03.09 10:56:05.163,0.67394,0.6741,1.50,2.25
2012.03.09 10:56:05.687,0.67394,0.6741,1.50,1.50
2012.03.09 10:56:10.630,0.67394,0.6741,1.50,2.25
2012.03.09 10:56:11.402,0.67394,0.6741,1.50,1.50
2012.03.09 10:56:47.232,0.67394,0.6741,2.25,1.50
2012.03.09 10:56:47.352,0.67394,0.6741,1.50,1.50
2012.03.09 10:56:49.992,0.67394,0.6741,2.25,1.50
2012.03.09 10:56:54.237,0.67392,0.67412,2.25,1.50
2012.03.09 10:56:54.305,0.67387,0.67417,5.25,2.25
2012.03.09 10:57:02.444,0.67387,0.67417,5.25,2.25
2012.03.09 10:57:02.509,0.67387,0.67417,5.25,2.25
2012.03.09 10:57:02.575,0.67387,0.67417,5.25,2.25
2012.03.09 10:57:03.078,0.67387,0.67417,5.25,2.25
2012.03.09 10:57:03.162,0.67387,0.67417,5.25,2.25
2012.03.09 10:57:03.282,0.67387,0.67417,5.25,2.25
2012.03.09 10:57:03.590,0.67387,0.67417,5.25,2.25
2012.03.09 10:57:28.549,0.67387,0.67417,5.25,3.00
2012.03.09 10:57:28.645,0.67387,0.67417,5.25,2.25
2012.03.09 10:57:30.579,0.67387,0.67417,5.25,2.25
2012.03.09 10:57:30.830,0.67399,0.67423,5.25,2.25
2012.03.09 10:57:30.957,0.67399,0.67423,2.25,2.25
2012.03.09 10:57:31.220,0.67399,0.67423,3.00,2.25
2012.03.09 10:57:31.288,0.67399,0.67429,3.75,1.50
2012.03.09 10:57:31.358,0.67399,0.6743,3.00,1.95
2012.03.09 10:57:31.611,0.67399,0.67422,2.25,2.25
2012.03.09 10:57:32.172,0.67403,0.67416,1.50,1.50
2012.03.09 10:57:32.253,0.67399,0.67417,3.75,1.50
2012.03.09 10:57:33.153,0.67398,0.67413,3.75,1.50
2012.03.09 10:57:33.470,0.67398,0.67411,3.75,1.50
2012.03.09 10:57:33.978,0.67392,0.67411,1.50,1.50
2012.03.09 10:57:35.640,0.67394,0.67411,1.50,1.50
2012.03.09 10:57:36.088,0.67394,0.67411,2.25,1.50
2012.03.09 10:57:36.161,0.67397,0.67413,3.00,1.50
2012.03.09 10:57:40.728,0.67398,0.67414,1.50,1.50
2012.03.09 10:57:40.952,0.67398,0.67416,1.50,1.50
2012.03.09 10:57:41.019,0.67397,0.67412,2.25,1.50
2012.03.09 10:57:48.963,0.67397,0.67411,2.25,1.50
2012.03.09 10:57:49.100,0.67391,0.67407,3.75,1.50
2012.03.09 10:57:49.413,0.67392,0.67411,1.50,1.50
2012.03.09 10:57:49.480,0.67395,0.67413,1.50,2.25
2012.03.09 10:57:49.807,0.67393,0.6741,1.50,1.50
2012.03.09 10:57:53.424,0.67393,0.6741,1.50,2.25
2012.03.09 10:57:54.303,0.67393,0.6741,1.50,1.50
2012.03.09 10:57:55.230,0.67393,0.6741,1.50,2.25
2012.03.09 10:57:55.998,0.67393,0.6741,1.50,1.50
2012.03.09 10:57:58.480,0.6739,0.67408,1.50,1.50
2012.03.09 10:57:59.025,0.67393,0.6741,1.50,1.50
2012.03.09 10:58:00.808,0.67393,0.6741,1.50,2.25
2012.03.09 10:58:01.430,0.67393,0.6741,1.50,1.50
2012.03.09 10:58:22.911,0.67391,0.67407,1.50,1.50
2012.03.09 10:58:25.720,0.67387,0.67405,2.25,1.50
2012.03.09 10:58:26.451,0.67387,0.67403,1.50,1.50
2012.03.09 10:58:26.522,0.67384,0.67402,1.50,1.50
2012.03.09 10:58:27.265,0.67381,0.67399,2.25,1.50
2012.03.09 10:58:28.805,0.67381,0.67399,1.50,2.25
2012.03.09 10:58:29.112,0.67383,0.67399,1.50,1.50
2012.03.09 10:58:29.420,0.67385,0.67399,1.50,1.50
2012.03.09 10:58:29.489,0.67386,0.67404,1.50,2.25
2012.03.09 10:58:30.034,0.67386,0.67404,1.50,1.50
2012.03.09 10:58:30.547,0.67386,0.67404,1.50,2.25
2012.03.09 10:58:32.068,0.67384,0.674,1.50,1.50
2012.03.09 10:58:41.878,0.67384,0.674,1.50,2.25
2012.03.09 10:58:42.011,0.67384,0.674,1.50,1.50
2012.03.09 10:58:58.918,0.67384,0.674,1.50,2.25
2012.03.09 10:59:03.421,0.67384,0.674,1.50,1.50
2012.03.09 10:59:03.988,0.67385,0.674,1.50,1.50
2012.03.09 10:59:04.058,0.67386,0.67404,1.50,2.25
2012.03.09 10:59:06.701,0.67384,0.67401,1.50,1.50
2012.03.09 10:59:07.042,0.67384,0.67401,1.50,2.25
2012.03.09 10:59:07.108,0.67382,0.67399,1.50,2.25
2012.03.09 10:59:07.629,0.67381,0.67399,1.50,2.25
2012.03.09 10:59:07.761,0.67381,0.67399,1.50,2.25
2012.03.09 10:59:07.829,0.67379,0.67395,1.50,2.25
2012.03.09 10:59:08.409,0.67377,0.67392,2.25,1.50
2012.03.09 10:59:08.545,0.67376,0.67392,1.50,3.75
2012.03.09 10:59:27.621,0.67376,0.67391,1.50,1.50
2012.03.09 10:59:27.688,0.67373,0.67389,1.50,1.50
2012.03.09 10:59:34.161,0.6737,0.67387,1.50,1.50
2012.03.09 10:59:38.498,0.67373,0.67389,1.50,1.50
2012.03.09 10:59:44.090,0.67373,0.67387,1.50,1.50
2012.03.09 10:59:44.588,0.67363,0.67379,1.50,2.25
2012.03.09 10:59:45.121,0.67361,0.67375,1.50,1.50
2012.03.09 10:59:45.193,0.67357,0.67375,3.00,1.50
2012.03.09 10:59:45.742,0.67355,0.67373,2.25,1.50
2012.03.09 10:59:45.801,0.67355,0.67373,1.50,1.50
2012.03.09 10:59:46.771,0.67355,0.67373,2.25,1.50
2012.03.09 10:59:48.151,0.67355,0.67373,1.50,1.50
2012.03.09 10:59:49.245,0.67355,0.67373,2.25,1.50
2012.03.09 10:59:49.775,0.67355,0.67373,1.50,1.50
2012.03.09 10:59:49.839,0.67355,0.67373,2.25,1.50
2012.03.09 10:59:49.916,0.67355,0.67373,1.50,1.50
2012.03.09 10:59:52.041,0.67355,0.67373,2.25,1.50
2012.03.09 10:59:52.530,0.67355,0.67373,1.50,1.50
2012.03.09 10:59:53.705,0.67355,0.67373,2.25,1.50
2012.03.09 10:59:57.272,0.67359,0.67375,1.50,1.50
