2010.07.30 03:00:00.291,0.62065,0.621,4.80,3.60
2010.07.30 03:00:00.453,0.62065,0.621,4.00,3.60
2010.07.30 03:00:01.470,0.62065,0.62095,2.40,1.60
2010.07.30 03:00:01.660,0.62065,0.62095,1.00,3.20
2010.07.30 03:00:02.035,0.62065,0.621,4.00,9.20
2010.07.30 03:00:02.218,0.62065,0.621,4.00,7.60
2010.07.30 03:00:03.394,0.62075,0.62095,1.60,2.40
2010.07.30 03:00:03.559,0.6206,0.62095,3.20,4.00
2010.07.30 03:00:03.732,0.6206,0.6209,1.00,3.20
2010.07.30 03:00:03.895,0.62055,0.6209,7.20,3.60
2010.07.30 03:00:04.067,0.62055,0.62085,2.40,1.60
2010.07.30 03:00:05.118,0.6206,0.62085,1.00,1.60
2010.07.30 03:00:05.458,0.6206,0.6209,1.00,1.00
2010.07.30 03:00:05.576,0.6206,0.6209,4.80,1.00
2010.07.30 03:00:05.697,0.6206,0.6209,4.80,1.60
2010.07.30 03:00:05.815,0.6206,0.6209,3.20,1.60
2010.07.30 03:00:05.936,0.6206,0.62085,3.20,1.60
2010.07.30 03:00:06.592,0.6206,0.62085,1.00,1.60
2010.07.30 03:00:08.206,0.62055,0.62085,8.80,1.60
2010.07.30 03:00:09.367,0.6206,0.62085,1.00,1.60
2010.07.30 03:00:09.667,0.62055,0.62085,6.40,2.80
2010.07.30 03:00:09.977,0.62055,0.62085,6.40,3.20
2010.07.30 03:00:11.317,0.6205,0.62085,7.60,3.20
2010.07.30 03:00:11.372,0.6205,0.6208,1.60,1.00
2010.07.30 03:00:11.695,0.6205,0.62085,2.40,10.40
2010.07.30 03:00:12.542,0.6205,0.62085,4.00,10.40
2010.07.30 03:00:12.891,0.6205,0.62075,1.60,1.60
2010.07.30 03:00:13.650,0.6205,0.62075,1.00,1.60
2010.07.30 03:00:14.488,0.6205,0.6208,1.00,2.00
2010.07.30 03:00:15.038,0.6205,0.6208,1.60,1.20
2010.07.30 03:00:15.301,0.62045,0.62075,1.60,2.40
2010.07.30 03:00:15.847,0.62045,0.6207,1.00,1.60
2010.07.30 03:00:16.547,0.62045,0.62075,1.60,4.80
2010.07.30 03:00:16.771,0.62055,0.62085,2.00,1.60
2010.07.30 03:00:16.998,0.62055,0.62085,1.00,2.40
2010.07.30 03:00:17.435,0.62055,0.62085,2.00,1.60
2010.07.30 03:00:18.196,0.6206,0.62085,1.00,1.60
2010.07.30 03:00:19.205,0.62055,0.62085,7.20,2.40
2010.07.30 03:00:19.887,0.62055,0.62085,1.00,2.40
2010.07.30 03:00:20.230,0.62055,0.62085,4.00,1.60
2010.07.30 03:00:20.658,0.62055,0.62085,8.00,1.60
2010.07.30 03:00:21.373,0.62065,0.62095,1.00,5.20
2010.07.30 03:00:21.552,0.6206,0.62095,1.60,2.40
2010.07.30 03:00:21.725,0.62065,0.621,2.40,9.20
2010.07.30 03:00:21.895,0.62065,0.621,3.20,8.80
2010.07.30 03:00:22.600,0.6207,0.621,1.00,1.60
2010.07.30 03:00:22.938,0.6208,0.62115,1.60,6.00
2010.07.30 03:00:23.277,0.62085,0.62115,3.20,1.00
2010.07.30 03:00:23.617,0.6209,0.6212,1.60,1.00
2010.07.30 03:00:23.894,0.6209,0.62125,1.60,4.00
2010.07.30 03:00:24.941,0.62095,0.62125,1.00,1.60
2010.07.30 03:00:25.606,0.62095,0.62125,4.80,1.60
2010.07.30 03:00:25.836,0.62095,0.62125,5.60,1.60
2010.07.30 03:00:26.991,0.621,0.62125,1.00,1.60
2010.07.30 03:00:27.835,0.6211,0.62135,1.00,1.60
2010.07.30 03:00:28.280,0.621,0.62135,10.40,2.40
2010.07.30 03:00:29.138,0.62105,0.62135,1.00,2.40
2010.07.30 03:00:29.483,0.62115,0.62145,1.00,1.60
2010.07.30 03:00:30.631,0.6211,0.62145,1.60,8.80
2010.07.30 03:00:32.594,0.6211,0.62145,1.60,6.40
2010.07.30 03:00:32.637,0.62115,0.62145,1.00,2.40
2010.07.30 03:00:32.846,0.6211,0.62145,4.00,3.20
2010.07.30 03:00:32.894,0.6211,0.62145,1.60,3.20
2010.07.30 03:00:32.934,0.6211,0.62145,1.60,3.60
2010.07.30 03:00:33.556,0.6211,0.62145,1.60,6.80
2010.07.30 03:00:33.607,0.6211,0.62145,1.60,10.00
2010.07.30 03:00:36.064,0.6211,0.6214,1.60,1.60
2010.07.30 03:00:36.868,0.62105,0.62135,3.20,1.00
2010.07.30 03:00:37.148,0.62105,0.6214,4.80,2.40
2010.07.30 03:00:39.285,0.62105,0.62135,2.40,2.40
2010.07.30 03:00:39.924,0.62105,0.62135,1.60,2.40
2010.07.30 03:00:40.204,0.62105,0.6214,4.80,2.40
2010.07.30 03:00:42.627,0.62115,0.6214,1.00,1.60
2010.07.30 03:00:43.360,0.62115,0.62145,1.00,5.60
2010.07.30 03:00:43.469,0.62115,0.62145,1.00,2.40
2010.07.30 03:00:44.164,0.6211,0.62145,4.00,3.60
2010.07.30 03:00:44.459,0.6211,0.62145,1.60,6.80
2010.07.30 03:00:45.055,0.6211,0.62145,1.60,10.00
2010.07.30 03:00:45.925,0.6211,0.6214,1.00,1.00
2010.07.30 03:00:46.256,0.62105,0.6214,4.80,2.40
2010.07.30 03:00:46.586,0.62105,0.6214,4.80,5.60
2010.07.30 03:00:46.916,0.62105,0.6214,4.80,2.40
2010.07.30 03:00:48.382,0.6211,0.6214,1.00,1.60
2010.07.30 03:00:49.987,0.62105,0.6214,3.20,2.40
2010.07.30 03:00:50.185,0.62105,0.6214,3.20,6.40
2010.07.30 03:00:56.275,0.62105,0.6213,2.40,1.00
2010.07.30 03:00:56.537,0.621,0.62135,6.40,3.60
2010.07.30 03:00:57.099,0.621,0.6213,5.60,1.00
2010.07.30 03:00:57.411,0.62095,0.6213,4.80,2.40
2010.07.30 03:00:58.542,0.62095,0.6213,4.80,3.20
2010.07.30 03:01:01.251,0.62095,0.6212,4.00,1.00
2010.07.30 03:01:01.374,0.62095,0.6212,3.20,1.00
2010.07.30 03:01:01.414,0.6209,0.6212,9.60,2.40
2010.07.30 03:01:01.968,0.6209,0.62115,8.80,1.00
2010.07.30 03:01:02.287,0.6209,0.6212,1.00,1.00
2010.07.30 03:01:07.634,0.62085,0.62115,4.80,1.00
2010.07.30 03:01:07.805,0.62085,0.6211,2.40,1.00
2010.07.30 03:01:08.396,0.6208,0.62105,8.00,1.00
2010.07.30 03:01:08.449,0.62075,0.62105,3.20,1.00
2010.07.30 03:01:08.537,0.62075,0.62105,2.40,1.00
2010.07.30 03:01:08.877,0.62075,0.62105,2.40,2.40
2010.07.30 03:01:09.215,0.62075,0.62105,1.60,2.40
2010.07.30 03:01:13.416,0.6208,0.62105,1.00,1.60
2010.07.30 03:01:13.485,0.6208,0.6211,1.00,1.00
2010.07.30 03:01:14.095,0.62075,0.6211,3.20,1.60
2010.07.30 03:01:14.275,0.62075,0.6211,4.80,1.60
2010.07.30 03:01:14.456,0.6208,0.6211,1.00,1.00
2010.07.30 03:01:17.215,0.62075,0.6211,6.00,1.60
2010.07.30 03:01:17.284,0.62075,0.6211,5.20,1.60
2010.07.30 03:01:17.872,0.62075,0.6211,4.40,1.60
2010.07.30 03:01:18.066,0.62075,0.6211,2.40,2.00
2010.07.30 03:01:18.464,0.6208,0.6211,1.00,1.20
2010.07.30 03:01:18.657,0.6208,0.6211,1.00,1.00
2010.07.30 03:01:26.889,0.6208,0.6211,1.60,1.00
2010.07.30 03:01:27.124,0.62095,0.62125,1.60,7.20
2010.07.30 03:01:27.345,0.62095,0.6213,1.60,3.20
2010.07.30 03:01:28.016,0.62095,0.6213,1.60,6.40
2010.07.30 03:01:28.634,0.62095,0.6213,1.60,3.20
2010.07.30 03:01:30.647,0.62105,0.6213,1.00,2.40
2010.07.30 03:01:31.472,0.62105,0.6213,1.00,1.00
2010.07.30 03:01:31.609,0.621,0.62135,1.00,3.60
2010.07.30 03:01:32.584,0.621,0.62135,1.00,4.40
2010.07.30 03:01:33.119,0.621,0.62135,1.00,6.00
2010.07.30 03:01:35.365,0.62105,0.62135,1.00,3.60
2010.07.30 03:01:35.595,0.62105,0.62135,1.00,3.20
2010.07.30 03:01:35.826,0.62105,0.62135,1.00,2.40
2010.07.30 03:01:36.057,0.621,0.62135,4.00,3.60
2010.07.30 03:01:37.390,0.621,0.62135,1.00,3.60
2010.07.30 03:01:37.475,0.62105,0.62135,1.00,2.40
2010.07.30 03:01:37.788,0.621,0.62135,6.40,3.20
2010.07.30 03:01:37.945,0.62105,0.62135,1.60,1.60
2010.07.30 03:01:38.016,0.62105,0.62135,1.60,3.60
2010.07.30 03:01:38.816,0.621,0.62135,1.00,5.20
2010.07.30 03:01:40.504,0.621,0.62135,2.40,3.60
2010.07.30 03:01:40.851,0.62105,0.6214,4.80,3.20
2010.07.30 03:01:41.135,0.62105,0.6214,4.80,6.40
2010.07.30 03:01:48.156,0.6211,0.62145,4.80,10.00
2010.07.30 03:01:48.289,0.62115,0.62145,1.00,8.80
2010.07.30 03:01:48.415,0.62115,0.62145,2.40,1.00
2010.07.30 03:01:50.360,0.62115,0.6215,2.40,10.80
2010.07.30 03:01:54.624,0.62115,0.6215,2.40,7.60
2010.07.30 03:01:55.394,0.62115,0.6215,2.40,10.80
2010.07.30 03:02:01.826,0.62115,0.6214,1.60,1.00
2010.07.30 03:02:01.970,0.62115,0.62145,2.40,1.00
2010.07.30 03:02:02.169,0.62115,0.6215,2.40,2.80
2010.07.30 03:02:02.614,0.62115,0.6215,2.80,2.80
2010.07.30 03:02:03.608,0.62105,0.62135,2.80,1.00
2010.07.30 03:02:03.807,0.62105,0.62135,1.20,2.40
2010.07.30 03:02:04.007,0.62105,0.62135,1.00,2.40
2010.07.30 03:02:07.247,0.621,0.6213,6.00,1.00
2010.07.30 03:02:07.434,0.621,0.6213,5.60,1.00
2010.07.30 03:02:08.318,0.621,0.62135,1.00,3.60
2010.07.30 03:02:08.655,0.62105,0.62135,1.00,2.80
2010.07.30 03:02:08.997,0.621,0.62135,1.00,3.60
2010.07.30 03:02:10.286,0.621,0.6213,1.20,1.00
2010.07.30 03:02:10.558,0.62095,0.6213,4.00,2.40
2010.07.30 03:02:11.937,0.621,0.62135,1.00,11.60
2010.07.30 03:02:12.046,0.621,0.62135,1.00,8.40
2010.07.30 03:02:12.155,0.621,0.62135,1.00,5.20
2010.07.30 03:02:17.956,0.62105,0.62135,1.00,2.80
2010.07.30 03:02:18.177,0.62105,0.62135,1.00,2.40
2010.07.30 03:02:18.989,0.6212,0.6214,1.00,3.20
2010.07.30 03:02:19.328,0.6212,0.62145,1.00,1.60
2010.07.30 03:02:20.226,0.6212,0.62155,1.00,3.20
2010.07.30 03:02:25.337,0.62125,0.62155,1.00,2.40
2010.07.30 03:02:26.880,0.6212,0.62155,1.20,3.20
2010.07.30 03:02:27.046,0.6212,0.62155,1.00,3.20
2010.07.30 03:02:29.248,0.62115,0.6215,9.20,1.00
2010.07.30 03:02:29.416,0.62115,0.6215,8.80,1.00
2010.07.30 03:02:29.585,0.62115,0.6215,2.40,1.00
2010.07.30 03:02:29.755,0.62115,0.62145,1.00,1.60
2010.07.30 03:02:29.998,0.6212,0.62145,1.00,1.60
2010.07.30 03:02:30.335,0.6212,0.62155,1.00,9.60
2010.07.30 03:02:30.645,0.6212,0.62155,1.00,3.20
2010.07.30 03:02:31.812,0.62125,0.62155,1.00,2.40
2010.07.30 03:02:33.286,0.62125,0.62155,1.00,1.60
2010.07.30 03:02:33.932,0.62125,0.62155,1.00,10.80
2010.07.30 03:02:34.159,0.62115,0.6215,2.40,1.00
2010.07.30 03:02:34.386,0.6212,0.62155,1.00,6.40
2010.07.30 03:02:34.616,0.6212,0.62155,1.00,3.20
2010.07.30 03:02:36.505,0.6213,0.62155,1.00,1.00
2010.07.30 03:02:36.787,0.62135,0.62165,1.60,4.40
2010.07.30 03:02:37.470,0.62135,0.62165,2.00,1.60
2010.07.30 03:02:37.692,0.62135,0.62165,3.60,1.60
2010.07.30 03:02:37.839,0.6214,0.62165,1.00,1.60
2010.07.30 03:02:37.977,0.6214,0.62175,1.00,9.60
2010.07.30 03:02:38.773,0.6214,0.62175,1.00,6.40
2010.07.30 03:02:38.999,0.6214,0.62175,1.00,9.60
2010.07.30 03:02:41.881,0.6215,0.62185,1.00,10.80
2010.07.30 03:02:42.682,0.62155,0.62185,1.60,9.20
2010.07.30 03:02:43.444,0.62155,0.62185,1.20,8.80
2010.07.30 03:02:43.681,0.6215,0.6218,1.60,2.40
2010.07.30 03:02:43.919,0.6215,0.6218,1.00,2.40
2010.07.30 03:02:44.624,0.62145,0.6218,4.40,2.40
2010.07.30 03:02:46.558,0.6215,0.6218,2.00,1.60
2010.07.30 03:02:46.638,0.6215,0.6218,1.00,2.40
2010.07.30 03:02:46.785,0.62145,0.6218,10.80,2.40
2010.07.30 03:02:46.856,0.62145,0.6218,7.60,2.40
2010.07.30 03:02:46.935,0.62145,0.6218,6.00,2.40
2010.07.30 03:02:48.698,0.6215,0.6218,1.00,1.60
2010.07.30 03:02:48.927,0.6215,0.62185,4.80,8.80
2010.07.30 03:02:49.543,0.62155,0.62185,1.00,2.40
2010.07.30 03:02:52.968,0.62155,0.62185,1.00,3.20
2010.07.30 03:02:53.185,0.6215,0.62185,3.60,4.40
2010.07.30 03:02:53.264,0.6215,0.62185,2.00,4.40
2010.07.30 03:02:53.685,0.6215,0.62185,2.00,10.80
2010.07.30 03:02:55.177,0.6215,0.6218,1.20,1.00
2010.07.30 03:02:55.515,0.62145,0.6218,6.00,2.40
2010.07.30 03:02:55.705,0.62145,0.6218,4.40,2.40
2010.07.30 03:02:56.591,0.62145,0.6218,4.40,1.00
2010.07.30 03:02:56.786,0.6215,0.62185,1.20,10.80
2010.07.30 03:03:00.236,0.6215,0.62185,1.20,4.40
2010.07.30 03:03:02.467,0.62145,0.6218,11.60,4.00
2010.07.30 03:03:02.700,0.62145,0.6218,2.40,11.60
2010.07.30 03:03:04.523,0.62145,0.6218,2.40,3.60
2010.07.30 03:03:04.773,0.62145,0.6218,3.60,1.60
2010.07.30 03:03:04.966,0.62155,0.6218,1.60,1.60
2010.07.30 03:03:05.945,0.62155,0.6218,1.60,1.00
2010.07.30 03:03:07.318,0.62155,0.6218,1.60,1.60
2010.07.30 03:03:07.464,0.62145,0.6218,8.40,1.60
2010.07.30 03:03:07.605,0.62145,0.6218,5.20,3.20
2010.07.30 03:03:08.885,0.62145,0.62175,1.60,2.40
2010.07.30 03:03:13.039,0.62145,0.6217,1.60,3.20
2010.07.30 03:03:13.140,0.6214,0.62175,3.60,4.00
2010.07.30 03:03:15.690,0.6215,0.6218,1.60,1.60
2010.07.30 03:03:15.934,0.6215,0.6218,2.40,1.60
2010.07.30 03:03:16.750,0.62155,0.6218,1.00,1.60
2010.07.30 03:03:17.020,0.62155,0.6218,1.60,1.60
2010.07.30 03:03:17.759,0.62155,0.6218,1.00,2.40
2010.07.30 03:03:18.077,0.62145,0.62175,1.60,1.00
2010.07.30 03:03:18.448,0.62145,0.6218,2.40,6.00
2010.07.30 03:03:18.766,0.62145,0.6218,2.40,7.20
2010.07.30 03:03:19.087,0.62155,0.62185,1.60,9.60
2010.07.30 03:03:19.878,0.62155,0.6218,1.60,2.80
2010.07.30 03:03:20.102,0.62145,0.6218,2.40,4.00
2010.07.30 03:03:20.328,0.62145,0.62175,1.60,1.00
2010.07.30 03:03:20.547,0.62145,0.6218,2.40,4.40
2010.07.30 03:03:20.767,0.62145,0.6218,2.40,1.00
2010.07.30 03:03:20.988,0.6215,0.62185,1.00,10.80
2010.07.30 03:03:21.217,0.62155,0.62185,1.60,8.80
2010.07.30 03:03:22.000,0.62155,0.62185,2.40,8.00
2010.07.30 03:03:22.166,0.62155,0.6219,2.40,11.60
2010.07.30 03:03:22.655,0.62155,0.62185,2.40,3.20
2010.07.30 03:03:23.771,0.62155,0.62185,1.60,4.00
2010.07.30 03:03:23.976,0.62155,0.62185,1.60,8.80
2010.07.30 03:03:24.708,0.6215,0.62185,1.00,10.40
2010.07.30 03:03:26.670,0.6215,0.62185,1.00,7.20
2010.07.30 03:03:26.956,0.62145,0.6218,5.60,2.40
2010.07.30 03:03:27.449,0.62145,0.6218,5.20,2.40
2010.07.30 03:03:29.020,0.6215,0.6218,1.00,1.60
2010.07.30 03:03:29.107,0.6215,0.62185,1.00,11.20
2010.07.30 03:03:29.426,0.6215,0.62185,1.20,10.40
2010.07.30 03:03:30.313,0.6215,0.6218,1.20,1.60
2010.07.30 03:03:30.581,0.62145,0.6218,5.20,2.40
2010.07.30 03:03:30.846,0.62145,0.62175,2.00,3.20
2010.07.30 03:03:31.110,0.6214,0.62175,1.20,5.20
2010.07.30 03:03:35.557,0.62145,0.6218,5.20,3.20
2010.07.30 03:03:35.896,0.62145,0.62175,4.40,1.00
2010.07.30 03:03:36.025,0.62145,0.62175,4.00,1.00
2010.07.30 03:03:36.155,0.62145,0.62175,2.40,1.00
2010.07.30 03:03:36.771,0.62145,0.6218,3.20,7.20
2010.07.30 03:03:37.048,0.62145,0.6218,5.20,2.40
2010.07.30 03:03:39.406,0.6215,0.6218,1.00,1.60
2010.07.30 03:03:39.620,0.6215,0.62185,1.00,11.20
2010.07.30 03:03:39.825,0.6215,0.62185,1.00,10.40
2010.07.30 03:03:44.965,0.62145,0.6218,6.00,1.00
2010.07.30 03:03:45.227,0.62145,0.6218,6.40,2.40
2010.07.30 03:03:46.434,0.62145,0.6218,6.40,5.60
2010.07.30 03:03:46.625,0.62145,0.6218,6.40,8.80
2010.07.30 03:03:46.815,0.62145,0.6218,4.40,9.60
2010.07.30 03:03:47.796,0.62145,0.62175,1.60,1.00
2010.07.30 03:03:50.768,0.62145,0.6218,2.40,9.20
2010.07.30 03:03:51.106,0.6215,0.6218,1.00,3.20
2010.07.30 03:03:51.267,0.6215,0.6218,1.20,3.20
2010.07.30 03:03:51.426,0.6215,0.62185,1.20,10.40
2010.07.30 03:03:52.056,0.62155,0.62185,1.60,8.80
2010.07.30 03:03:54.465,0.62155,0.62185,2.40,8.00
2010.07.30 03:03:54.705,0.62155,0.62185,2.40,6.40
2010.07.30 03:03:54.948,0.62155,0.6219,2.40,10.80
2010.07.30 03:03:56.185,0.62155,0.6219,2.40,9.60
2010.07.30 03:03:56.525,0.62155,0.62185,2.40,1.60
2010.07.30 03:03:57.888,0.6216,0.62185,1.00,1.60
2010.07.30 03:03:58.075,0.62155,0.62185,2.40,1.60
2010.07.30 03:03:58.265,0.62155,0.62185,3.20,1.60
2010.07.30 03:03:58.456,0.6216,0.62185,1.00,1.60
2010.07.30 03:03:58.645,0.6216,0.6219,1.00,2.40
2010.07.30 03:04:05.708,0.62175,0.62205,1.00,1.60
2010.07.30 03:04:05.726,0.6218,0.62205,1.00,1.60
2010.07.30 03:04:06.283,0.6218,0.6221,2.40,3.20
2010.07.30 03:04:06.310,0.6218,0.62215,2.40,12.40
2010.07.30 03:04:07.726,0.62175,0.6221,2.80,2.40
2010.07.30 03:04:08.018,0.62175,0.62205,1.60,7.20
2010.07.30 03:04:09.835,0.62175,0.62205,2.40,6.40
2010.07.30 03:04:10.026,0.62175,0.6221,2.40,12.00
2010.07.30 03:04:10.215,0.62175,0.6221,2.40,8.80
2010.07.30 03:04:10.994,0.62175,0.6221,2.80,8.80
2010.07.30 03:04:13.405,0.62175,0.6221,2.40,8.80
2010.07.30 03:04:14.378,0.62175,0.6221,2.80,8.80
2010.07.30 03:04:15.867,0.6218,0.6221,1.00,4.80
2010.07.30 03:04:16.108,0.6218,0.6221,1.00,1.60
2010.07.30 03:04:16.346,0.62175,0.6221,3.20,2.40
2010.07.30 03:04:16.588,0.62175,0.6221,2.40,5.60
2010.07.30 03:04:17.900,0.62175,0.6221,2.40,2.40
2010.07.30 03:04:18.387,0.62175,0.6221,2.40,2.80
2010.07.30 03:04:19.071,0.62195,0.62215,1.00,1.60
2010.07.30 03:04:19.620,0.62195,0.62225,1.20,1.60
2010.07.30 03:04:20.395,0.62195,0.62225,1.00,1.60
2010.07.30 03:04:22.471,0.6219,0.62225,2.00,2.40
2010.07.30 03:04:30.496,0.62195,0.62225,1.60,1.60
2010.07.30 03:04:30.720,0.622,0.62235,1.00,10.80
2010.07.30 03:04:30.936,0.622,0.62235,1.00,10.40
2010.07.30 03:04:31.156,0.622,0.62235,1.00,7.20
2010.07.30 03:04:33.605,0.62195,0.6223,7.60,1.00
2010.07.30 03:04:33.866,0.62195,0.6223,2.40,1.00
2010.07.30 03:04:39.920,0.62195,0.62225,1.60,2.40
2010.07.30 03:04:42.478,0.62195,0.62225,2.40,1.60
2010.07.30 03:04:43.084,0.62195,0.6223,4.00,2.80
2010.07.30 03:04:43.138,0.62195,0.6223,4.00,2.40
2010.07.30 03:04:47.754,0.622,0.6223,1.00,1.60
2010.07.30 03:04:48.135,0.622,0.62235,1.00,7.20
2010.07.30 03:04:55.286,0.62205,0.62235,1.00,7.20
2010.07.30 03:04:55.876,0.62205,0.62235,2.80,5.60
2010.07.30 03:04:56.097,0.62205,0.6224,5.20,1.00
2010.07.30 03:05:21.545,0.62205,0.6224,5.20,1.20
2010.07.30 03:05:22.084,0.62205,0.62235,3.20,1.60
2010.07.30 03:05:22.158,0.622,0.62235,1.00,4.00
2010.07.30 03:05:22.305,0.622,0.62235,1.00,7.20
2010.07.30 03:05:22.707,0.62205,0.62235,1.00,2.40
2010.07.30 03:05:23.596,0.622,0.62235,1.20,2.40
2010.07.30 03:05:23.789,0.622,0.62235,1.00,4.00
2010.07.30 03:05:27.465,0.622,0.62235,1.00,7.20
2010.07.30 03:05:36.751,0.622,0.62235,1.00,10.40
2010.07.30 03:05:38.965,0.622,0.62235,1.00,7.20
2010.07.30 03:05:42.295,0.622,0.62235,1.00,10.40
2010.07.30 03:05:46.826,0.62195,0.62215,3.60,1.00
2010.07.30 03:05:47.096,0.62195,0.62215,1.00,2.40
2010.07.30 03:05:48.682,0.6217,0.62205,2.40,8.80
2010.07.30 03:05:55.978,0.6217,0.62195,1.60,1.00
2010.07.30 03:05:56.145,0.62165,0.62195,3.20,2.40
2010.07.30 03:05:56.316,0.6216,0.62195,8.40,4.00
2010.07.30 03:05:57.123,0.62165,0.62195,3.60,1.00
2010.07.30 03:05:57.282,0.62165,0.62195,3.20,1.00
2010.07.30 03:05:58.732,0.6216,0.6219,1.00,1.00
2010.07.30 03:06:09.764,0.62165,0.6219,1.60,1.00
2010.07.30 03:06:09.998,0.62165,0.62195,1.60,1.60
2010.07.30 03:06:10.615,0.62165,0.62195,2.40,1.00
2010.07.30 03:06:10.807,0.62165,0.622,2.40,7.60
2010.07.30 03:06:11.006,0.62165,0.62195,1.60,1.00
2010.07.30 03:06:13.008,0.62165,0.622,2.40,10.80
2010.07.30 03:06:13.612,0.62165,0.622,2.40,4.40
2010.07.30 03:06:13.879,0.62165,0.622,2.40,3.20
2010.07.30 03:06:14.808,0.62165,0.62195,1.60,1.00
2010.07.30 03:06:15.775,0.6216,0.6219,1.00,1.00
2010.07.30 03:06:16.753,0.6216,0.62195,2.00,10.40
2010.07.30 03:06:17.018,0.62165,0.622,2.40,6.40
2010.07.30 03:06:17.776,0.62165,0.622,2.40,3.20
2010.07.30 03:06:20.925,0.62165,0.6219,1.60,1.00
2010.07.30 03:06:21.898,0.6216,0.6219,1.00,1.00
2010.07.30 03:06:25.484,0.6216,0.6219,3.20,1.00
2010.07.30 03:06:25.767,0.6216,0.6219,9.60,1.00
2010.07.30 03:06:25.966,0.62165,0.6219,1.60,1.00
2010.07.30 03:06:26.165,0.62165,0.62195,3.20,2.00
2010.07.30 03:06:26.364,0.62165,0.62195,3.60,1.60
2010.07.30 03:06:30.344,0.62165,0.622,5.20,2.40
2010.07.30 03:06:37.035,0.62165,0.62195,1.60,1.00
2010.07.30 03:06:41.871,0.62165,0.6219,1.60,1.00
2010.07.30 03:06:42.058,0.6216,0.6219,1.00,1.00
2010.07.30 03:06:45.797,0.6216,0.62195,1.60,11.60
2010.07.30 03:06:46.138,0.6216,0.62195,2.00,3.20
2010.07.30 03:06:46.378,0.6216,0.62195,1.60,6.00
2010.07.30 03:06:46.497,0.62155,0.6219,8.80,1.00
2010.07.30 03:06:46.617,0.62155,0.6219,2.40,1.00
2010.07.30 03:06:47.635,0.62155,0.6219,2.40,1.60
2010.07.30 03:06:48.608,0.62155,0.6218,1.60,1.00
2010.07.30 03:06:48.705,0.62155,0.6218,1.60,1.60
2010.07.30 03:06:48.755,0.6215,0.6218,1.00,1.60
2010.07.30 03:06:48.807,0.6215,0.62185,1.00,10.80
2010.07.30 03:06:49.372,0.62155,0.6218,1.60,1.00
2010.07.30 03:06:49.552,0.62155,0.62185,1.60,3.20
2010.07.30 03:06:49.730,0.62155,0.6218,1.60,1.00
2010.07.30 03:06:49.898,0.62155,0.62185,1.60,9.60
2010.07.30 03:06:50.787,0.6215,0.62185,1.00,4.80
2010.07.30 03:06:51.126,0.62155,0.62185,1.00,2.80
2010.07.30 03:06:51.467,0.6215,0.6218,1.60,1.00
2010.07.30 03:06:51.746,0.62145,0.6218,10.80,1.00
2010.07.30 03:06:52.590,0.62145,0.6218,3.60,1.00
2010.07.30 03:06:54.326,0.62145,0.62175,2.00,1.00
2010.07.30 03:06:54.388,0.62145,0.62175,2.80,1.00
2010.07.30 03:06:54.496,0.62145,0.62175,2.40,1.00
2010.07.30 03:06:56.316,0.62145,0.62175,1.60,1.00
2010.07.30 03:06:57.247,0.6214,0.62175,1.00,2.40
2010.07.30 03:06:57.735,0.62145,0.62175,1.00,2.40
2010.07.30 03:06:58.195,0.6214,0.62175,1.20,2.40
2010.07.30 03:06:58.426,0.6214,0.62175,1.00,2.40
2010.07.30 03:07:01.835,0.62135,0.6217,11.20,1.00
2010.07.30 03:07:02.017,0.62135,0.6217,8.80,1.00
2010.07.30 03:07:02.749,0.62135,0.6217,5.60,1.00
2010.07.30 03:07:02.925,0.62135,0.6217,2.40,1.00
2010.07.30 03:07:05.243,0.62145,0.62175,1.00,10.00
2010.07.30 03:07:05.397,0.62145,0.62175,3.60,1.00
2010.07.30 03:07:05.736,0.62145,0.6218,3.60,4.80
2010.07.30 03:07:06.075,0.62145,0.6218,3.60,1.60
2010.07.30 03:07:21.278,0.62145,0.62175,2.80,1.00
2010.07.30 03:07:21.656,0.62145,0.62175,2.40,1.00
2010.07.30 03:07:25.916,0.6214,0.62165,3.20,1.00
2010.07.30 03:07:26.257,0.62135,0.62165,2.40,1.00
2010.07.30 03:07:34.051,0.62135,0.6217,2.40,5.20
2010.07.30 03:07:34.196,0.62135,0.6217,2.40,4.80
2010.07.30 03:07:34.271,0.62135,0.6217,2.40,1.60
2010.07.30 03:07:38.969,0.6213,0.6216,1.00,1.00
2010.07.30 03:07:39.793,0.62125,0.6216,8.80,1.00
2010.07.30 03:07:40.478,0.6213,0.6216,1.00,1.00
2010.07.30 03:07:42.016,0.6213,0.62165,3.20,7.60
2010.07.30 03:07:42.086,0.6213,0.62165,4.00,7.20
2010.07.30 03:07:42.632,0.6213,0.62165,5.60,7.20
2010.07.30 03:07:42.709,0.6213,0.62165,5.60,4.00
2010.07.30 03:07:42.945,0.62135,0.62165,2.40,1.60
2010.07.30 03:07:43.268,0.62135,0.6217,4.80,1.00
2010.07.30 03:07:43.528,0.62135,0.62165,6.40,1.00
2010.07.30 03:07:43.787,0.62135,0.62165,1.60,2.40
2010.07.30 03:07:44.387,0.6213,0.62165,6.40,4.00
2010.07.30 03:07:44.512,0.62135,0.62165,1.00,3.20
2010.07.30 03:07:44.642,0.62135,0.6216,1.60,1.00
2010.07.30 03:07:45.428,0.62125,0.6216,10.40,1.00
2010.07.30 03:07:46.338,0.62125,0.6216,8.00,1.00
2010.07.30 03:07:46.681,0.62125,0.6215,1.60,1.00
2010.07.30 03:07:47.455,0.62125,0.6216,2.40,5.20
2010.07.30 03:07:47.756,0.62125,0.6215,1.60,1.00
2010.07.30 03:07:48.082,0.62125,0.62155,1.60,1.60
2010.07.30 03:07:48.897,0.62125,0.6216,2.40,5.20
2010.07.30 03:07:49.121,0.62125,0.6216,2.40,1.60
2010.07.30 03:07:49.815,0.62125,0.6216,5.60,1.60
2010.07.30 03:07:50.902,0.6213,0.6216,1.00,1.00
2010.07.30 03:07:51.250,0.6213,0.62165,1.60,3.20
2010.07.30 03:07:52.338,0.62125,0.6216,5.60,1.00
2010.07.30 03:07:54.207,0.6213,0.62165,1.00,6.80
2010.07.30 03:07:55.093,0.6213,0.62165,1.00,3.20
2010.07.30 03:07:56.117,0.62125,0.6216,4.40,2.40
2010.07.30 03:07:56.366,0.62125,0.6216,4.80,2.40
2010.07.30 03:07:57.505,0.62125,0.6216,4.80,3.20
2010.07.30 03:08:02.719,0.6213,0.6216,1.00,2.40
2010.07.30 03:08:02.854,0.6213,0.62165,1.00,3.20
2010.07.30 03:08:07.629,0.62125,0.6216,10.80,1.00
2010.07.30 03:08:07.757,0.62125,0.6216,8.80,1.00
2010.07.30 03:08:29.357,0.6213,0.62165,1.00,3.20
2010.07.30 03:08:30.387,0.6213,0.62165,7.20,2.40
2010.07.30 03:08:31.940,0.62135,0.62165,1.00,1.60
2010.07.30 03:08:32.279,0.62145,0.62175,1.00,3.20
2010.07.30 03:08:32.436,0.62145,0.62175,3.20,1.00
2010.07.30 03:08:33.033,0.6215,0.6218,1.60,1.60
2010.07.30 03:08:36.238,0.6215,0.62175,1.60,1.00
2010.07.30 03:08:36.385,0.6215,0.6218,1.60,1.60
2010.07.30 03:08:38.088,0.6215,0.62175,1.60,1.00
2010.07.30 03:08:38.295,0.62145,0.62175,3.20,1.00
2010.07.30 03:08:38.367,0.62145,0.62175,2.40,1.00
2010.07.30 03:08:40.126,0.62145,0.62175,1.60,2.00
2010.07.30 03:08:41.018,0.6214,0.62175,1.60,3.60
2010.07.30 03:08:45.549,0.6214,0.62175,1.60,4.40
2010.07.30 03:08:49.855,0.6214,0.62175,5.60,4.40
2010.07.30 03:08:49.966,0.6214,0.62175,5.60,4.00
2010.07.30 03:08:50.305,0.62145,0.62175,1.00,3.20
2010.07.30 03:08:50.656,0.6214,0.62175,5.60,4.00
2010.07.30 03:08:50.775,0.6214,0.62175,3.20,4.00
2010.07.30 03:08:51.378,0.62145,0.62175,1.60,2.80
2010.07.30 03:08:56.647,0.6214,0.62175,1.60,4.40
2010.07.30 03:08:56.849,0.62135,0.6217,4.80,2.80
2010.07.30 03:08:57.040,0.6214,0.6217,1.00,1.00
2010.07.30 03:08:57.778,0.62135,0.6217,4.80,2.40
2010.07.30 03:09:00.791,0.6215,0.6217,1.60,1.60
2010.07.30 03:09:01.029,0.6215,0.6218,7.60,1.60
2010.07.30 03:09:01.809,0.6215,0.62185,8.00,2.40
2010.07.30 03:09:02.378,0.6215,0.62175,6.40,1.00
2010.07.30 03:09:02.668,0.6215,0.62175,4.00,1.00
2010.07.30 03:09:03.206,0.6215,0.6218,4.00,1.20
2010.07.30 03:09:03.487,0.62145,0.6218,12.40,1.00
2010.07.30 03:09:04.056,0.62145,0.6218,12.80,1.00
2010.07.30 03:09:10.436,0.6215,0.62185,2.00,2.40
2010.07.30 03:09:11.103,0.6215,0.62185,10.80,2.40
2010.07.30 03:09:16.875,0.62155,0.6219,2.40,1.20
2010.07.30 03:09:17.036,0.62155,0.6219,2.40,1.00
2010.07.30 03:09:24.636,0.62165,0.62195,1.00,8.80
2010.07.30 03:09:24.887,0.62165,0.62195,1.00,2.40
2010.07.30 03:09:25.480,0.62165,0.62195,2.40,1.00
2010.07.30 03:09:26.687,0.62165,0.622,5.60,1.20
2010.07.30 03:09:26.887,0.62165,0.62195,2.40,1.00
2010.07.30 03:09:28.667,0.62165,0.62195,1.60,2.00
2010.07.30 03:09:29.275,0.6216,0.62195,1.00,3.60
2010.07.30 03:09:30.170,0.62165,0.62195,1.00,5.60
2010.07.30 03:09:30.337,0.62165,0.62195,1.60,2.00
2010.07.30 03:09:30.506,0.6216,0.62195,4.80,3.60
2010.07.30 03:09:30.676,0.6216,0.62195,1.00,3.60
2010.07.30 03:09:40.665,0.62165,0.62195,1.00,2.80
2010.07.30 03:09:41.417,0.62165,0.62195,1.20,2.40
2010.07.30 03:09:44.050,0.62165,0.62195,1.00,3.20
2010.07.30 03:09:44.598,0.62165,0.62195,2.00,1.60
2010.07.30 03:09:44.671,0.6216,0.62195,1.20,3.60
2010.07.30 03:09:48.358,0.6216,0.6219,1.00,1.00
2010.07.30 03:09:49.466,0.62155,0.6219,4.00,1.00
2010.07.30 03:09:49.636,0.6216,0.62195,1.00,11.60
2010.07.30 03:09:49.805,0.6216,0.62195,1.00,3.60
2010.07.30 03:09:52.075,0.6216,0.62195,1.00,5.20
2010.07.30 03:09:52.176,0.62155,0.6219,10.40,1.00
2010.07.30 03:09:52.287,0.62155,0.6219,4.00,1.00
2010.07.30 03:09:53.049,0.62155,0.6219,3.20,1.00
2010.07.30 03:09:53.791,0.62155,0.6219,2.40,1.00
2010.07.30 03:09:58.046,0.62155,0.62185,1.60,1.00
2010.07.30 03:09:58.149,0.62155,0.6219,2.40,1.00
2010.07.30 03:09:58.160,0.62155,0.6219,2.40,2.40
2010.07.30 03:09:58.276,0.62155,0.6219,2.40,5.60
2010.07.30 03:09:58.289,0.62155,0.6219,2.40,9.20
2010.07.30 03:09:58.297,0.62155,0.6219,2.40,8.80
2010.07.30 03:09:58.340,0.62155,0.6219,2.40,5.60
2010.07.30 03:09:58.362,0.62155,0.6219,2.40,4.00
2010.07.30 03:09:58.387,0.62155,0.6219,2.40,1.00
2010.07.30 03:10:19.075,0.62155,0.62185,1.60,1.00
2010.07.30 03:10:19.690,0.6215,0.6218,8.40,1.00
2010.07.30 03:10:19.869,0.6215,0.6218,4.80,1.00
2010.07.30 03:10:21.937,0.6215,0.6218,4.00,1.00
2010.07.30 03:10:26.673,0.6215,0.6218,4.40,1.00
2010.07.30 03:10:27.007,0.6215,0.62185,8.40,2.40
2010.07.30 03:10:27.336,0.6215,0.62185,11.60,2.40
2010.07.30 03:10:27.945,0.62155,0.6219,2.40,1.20
2010.07.30 03:10:28.610,0.62155,0.6219,5.60,1.20
2010.07.30 03:10:28.670,0.62155,0.6219,5.60,1.00
2010.07.30 03:10:36.618,0.62165,0.622,2.40,2.00
2010.07.30 03:10:43.991,0.62165,0.62195,1.60,1.00
2010.07.30 03:10:44.908,0.6216,0.62195,1.00,7.20
2010.07.30 03:10:49.548,0.62155,0.6219,9.60,1.00
2010.07.30 03:10:50.199,0.62155,0.6219,8.00,1.00
2010.07.30 03:10:50.416,0.62155,0.6219,3.20,1.00
2010.07.30 03:10:55.099,0.6216,0.62195,1.00,11.60
2010.07.30 03:10:55.306,0.6216,0.62195,1.00,11.20
2010.07.30 03:10:56.143,0.6216,0.62195,1.00,9.20
2010.07.30 03:10:56.655,0.6216,0.62195,1.00,8.40
2010.07.30 03:11:00.146,0.62165,0.62195,1.00,7.60
2010.07.30 03:11:00.317,0.62165,0.62195,1.00,5.60
2010.07.30 03:11:00.497,0.62165,0.62195,1.00,2.40
2010.07.30 03:11:26.928,0.62165,0.62195,1.00,1.60
2010.07.30 03:11:28.265,0.62165,0.62195,4.00,1.60
2010.07.30 03:11:28.351,0.62165,0.622,2.40,1.00
2010.07.30 03:11:29.706,0.62165,0.62195,2.40,1.00
2010.07.30 03:11:30.960,0.62165,0.62195,1.00,2.40
2010.07.30 03:11:33.177,0.62165,0.62195,1.00,1.60
2010.07.30 03:11:33.507,0.62165,0.622,2.40,1.00
2010.07.30 03:11:47.511,0.6217,0.62205,1.00,10.00
2010.07.30 03:11:47.637,0.6217,0.62205,3.20,9.20
2010.07.30 03:11:47.706,0.6217,0.62205,3.20,8.80
2010.07.30 03:11:47.766,0.6217,0.62205,3.20,5.60
2010.07.30 03:11:47.826,0.6217,0.62205,3.20,2.40
2010.07.30 03:11:56.852,0.62165,0.622,4.00,1.00
2010.07.30 03:12:17.447,0.62165,0.622,10.40,1.00
2010.07.30 03:12:17.631,0.62165,0.62195,4.00,1.00
2010.07.30 03:12:18.201,0.62165,0.62195,3.20,1.00
2010.07.30 03:12:18.380,0.62165,0.622,2.40,1.00
2010.07.30 03:12:41.966,0.62165,0.62195,2.40,1.00
2010.07.30 03:12:43.314,0.62165,0.62195,1.00,2.40
2010.07.30 03:12:50.058,0.62165,0.62195,1.00,1.60
2010.07.30 03:13:20.115,0.6217,0.62195,1.00,1.60
2010.07.30 03:13:20.793,0.6217,0.622,1.00,1.00
2010.07.30 03:13:21.797,0.6217,0.62205,4.40,2.40
2010.07.30 03:13:23.188,0.6217,0.622,1.00,1.00
2010.07.30 03:13:27.681,0.6217,0.62205,4.40,8.80
2010.07.30 03:13:27.899,0.6217,0.62205,4.40,2.40
2010.07.30 03:13:29.246,0.6217,0.62205,4.00,2.80
2010.07.30 03:13:29.806,0.6217,0.62205,1.60,2.80
2010.07.30 03:13:29.981,0.6217,0.622,1.00,1.00
2010.07.30 03:13:31.727,0.6217,0.62205,4.40,2.40
2010.07.30 03:13:50.477,0.6217,0.622,1.00,1.00
2010.07.30 03:13:55.385,0.6217,0.62205,1.60,2.80
2010.07.30 03:13:55.736,0.6217,0.62205,4.40,2.40
2010.07.30 03:13:59.786,0.62175,0.62205,1.00,1.60
2010.07.30 03:14:01.066,0.6218,0.62215,1.00,10.80
2010.07.30 03:14:01.406,0.6218,0.62215,1.00,3.60
2010.07.30 03:14:19.470,0.6218,0.6221,1.00,1.00
2010.07.30 03:14:34.685,0.62175,0.6221,10.80,1.00
2010.07.30 03:14:35.460,0.62175,0.6221,10.40,1.00
2010.07.30 03:14:37.605,0.62175,0.62205,8.80,1.60
2010.07.30 03:14:37.771,0.62175,0.62205,1.00,1.60
2010.07.30 03:14:38.258,0.62175,0.62205,4.00,1.60
2010.07.30 03:14:40.327,0.6217,0.62205,10.40,2.40
2010.07.30 03:14:57.186,0.6217,0.622,7.20,1.00
2010.07.30 03:14:57.276,0.6217,0.622,3.20,1.00
2010.07.30 03:14:58.376,0.62165,0.622,11.60,1.00
2010.07.30 03:15:02.888,0.6217,0.622,5.60,1.00
2010.07.30 03:15:02.969,0.6217,0.62205,10.40,2.40
2010.07.30 03:15:21.577,0.6217,0.62205,11.20,2.40
2010.07.30 03:15:21.810,0.6217,0.62205,11.60,2.40
2010.07.30 03:15:33.217,0.6217,0.62205,10.40,2.40
2010.07.30 03:15:37.006,0.6217,0.62205,4.00,2.40
2010.07.30 03:15:39.837,0.6217,0.62205,7.20,2.40
2010.07.30 03:15:52.188,0.62175,0.62205,1.60,1.60
2010.07.30 03:15:52.378,0.6218,0.6221,1.00,3.20
2010.07.30 03:15:52.566,0.6218,0.62215,1.00,11.20
2010.07.30 03:15:52.756,0.6218,0.62215,1.00,8.00
2010.07.30 03:16:13.638,0.6218,0.62215,1.00,8.80
2010.07.30 03:16:14.037,0.6218,0.62215,1.00,9.20
2010.07.30 03:16:29.816,0.62175,0.6221,8.00,2.00
2010.07.30 03:16:30.037,0.62175,0.6221,3.20,3.60
2010.07.30 03:16:47.217,0.62175,0.62205,2.40,1.00
2010.07.30 03:16:47.488,0.62175,0.62205,1.60,1.00
2010.07.30 03:17:00.167,0.6217,0.62205,7.20,2.40
2010.07.30 03:17:13.920,0.62175,0.62205,1.60,1.60
2010.07.30 03:17:30.818,0.62175,0.6221,3.20,3.60
2010.07.30 03:17:48.176,0.6217,0.62205,14.40,2.40
2010.07.30 03:17:48.317,0.62175,0.62205,1.60,1.60
2010.07.30 03:17:48.686,0.62175,0.62205,2.40,1.00
2010.07.30 03:17:49.046,0.62175,0.62205,1.60,1.00
2010.07.30 03:17:49.692,0.6217,0.62205,2.40,2.40
2010.07.30 03:17:49.847,0.62175,0.62205,1.00,2.40
2010.07.30 03:17:50.008,0.62185,0.6221,1.00,2.00
2010.07.30 03:17:50.168,0.62185,0.6221,1.00,1.00
2010.07.30 03:17:50.328,0.6219,0.62215,1.00,1.60
2010.07.30 03:17:51.210,0.62185,0.62215,4.00,1.60
2010.07.30 03:17:52.468,0.6218,0.62205,1.00,1.00
2010.07.30 03:17:52.708,0.62175,0.62205,1.00,2.40
2010.07.30 03:18:01.338,0.6217,0.62205,10.80,3.20
2010.07.30 03:18:01.509,0.62175,0.62205,1.00,2.40
2010.07.30 03:18:05.189,0.62175,0.62205,1.60,1.60
2010.07.30 03:18:05.286,0.62175,0.6221,3.20,1.20
2010.07.30 03:18:05.928,0.62175,0.62205,3.60,1.00
2010.07.30 03:18:06.120,0.6218,0.62215,3.20,2.40
2010.07.30 03:18:13.298,0.62185,0.62215,1.60,1.60
2010.07.30 03:18:13.557,0.62195,0.62215,1.00,1.60
2010.07.30 03:18:13.849,0.62195,0.62225,1.00,1.00
2010.07.30 03:18:14.137,0.62195,0.62225,1.00,2.40
2010.07.30 03:18:16.740,0.6219,0.62225,2.80,3.20
2010.07.30 03:18:17.049,0.6219,0.62225,1.00,3.60
2010.07.30 03:18:18.166,0.6219,0.62225,1.60,2.80
2010.07.30 03:18:18.369,0.62195,0.6223,2.40,7.20
2010.07.30 03:18:19.006,0.62195,0.6223,5.60,1.00
2010.07.30 03:18:25.900,0.62195,0.62225,1.60,1.00
2010.07.30 03:18:26.132,0.62195,0.6222,1.60,1.00
2010.07.30 03:18:26.578,0.6219,0.6222,1.60,1.00
2010.07.30 03:18:27.889,0.6219,0.6222,1.00,1.00
2010.07.30 03:18:28.568,0.62185,0.62215,8.80,1.00
2010.07.30 03:18:28.909,0.62185,0.62215,2.40,1.00
2010.07.30 03:18:29.913,0.6219,0.6222,1.00,1.00
2010.07.30 03:18:34.556,0.6219,0.62225,1.00,3.60
2010.07.30 03:18:34.887,0.62185,0.6222,7.60,1.00
2010.07.30 03:18:35.454,0.6219,0.62225,1.00,10.00
2010.07.30 03:18:35.750,0.62185,0.6222,9.60,1.00
2010.07.30 03:18:36.049,0.6219,0.62225,1.00,3.60
2010.07.30 03:19:10.168,0.62185,0.62215,8.80,1.00
2010.07.30 03:19:10.339,0.62185,0.62215,1.60,1.00
2010.07.30 03:19:11.157,0.62185,0.6222,2.40,2.40
2010.07.30 03:19:11.247,0.62185,0.6222,2.40,1.00
2010.07.30 03:19:11.337,0.62185,0.62215,1.60,1.00
2010.07.30 03:19:17.009,0.62185,0.6221,1.60,1.00
2010.07.30 03:19:17.436,0.6218,0.6221,1.00,1.00
2010.07.30 03:19:25.056,0.62175,0.6221,10.80,1.60
2010.07.30 03:19:25.599,0.62175,0.6221,10.00,1.60
2010.07.30 03:19:25.743,0.62175,0.6221,8.80,2.00
2010.07.30 03:19:26.672,0.6218,0.62215,1.00,5.20
2010.07.30 03:19:30.261,0.6218,0.6221,1.00,1.00
2010.07.30 03:19:30.356,0.6218,0.62215,1.00,4.40
2010.07.30 03:19:30.456,0.6218,0.62215,1.60,2.40
2010.07.30 03:19:30.556,0.6218,0.62215,2.40,2.40
2010.07.30 03:19:35.439,0.62185,0.62215,1.00,1.60
2010.07.30 03:19:35.817,0.62185,0.6222,4.00,2.40
2010.07.30 03:19:41.789,0.62185,0.6221,3.20,1.00
2010.07.30 03:19:42.048,0.6218,0.6221,4.00,1.00
2010.07.30 03:19:42.307,0.6218,0.6221,1.00,1.00
2010.07.30 03:19:43.267,0.6218,0.62215,1.00,5.20
2010.07.30 03:19:45.885,0.6218,0.62215,1.00,8.40
2010.07.30 03:19:55.073,0.6218,0.62215,1.00,11.60
2010.07.30 03:20:02.426,0.6218,0.62215,1.00,8.40
2010.07.30 03:20:03.116,0.6218,0.62215,1.00,11.60
2010.07.30 03:20:03.287,0.6218,0.62215,1.00,8.40
2010.07.30 03:20:06.741,0.6218,0.62215,1.00,5.20
2010.07.30 03:20:07.129,0.62185,0.62215,1.00,3.60
2010.07.30 03:20:07.357,0.62185,0.62215,2.40,1.60
2010.07.30 03:20:07.586,0.62185,0.6222,4.00,2.40
2010.07.30 03:20:12.042,0.62185,0.62215,1.60,2.40
2010.07.30 03:20:12.274,0.62175,0.6221,7.60,1.00
2010.07.30 03:20:15.857,0.62175,0.6221,6.80,1.60
2010.07.30 03:20:16.690,0.62175,0.6221,4.00,5.20
2010.07.30 03:20:19.826,0.62175,0.62205,3.20,1.00
2010.07.30 03:20:20.027,0.62175,0.62205,1.60,2.40
2010.07.30 03:20:20.136,0.6217,0.62205,3.20,4.00
2010.07.30 03:20:20.236,0.6217,0.62205,2.40,4.00
2010.07.30 03:20:20.897,0.62165,0.622,12.40,2.40
2010.07.30 03:20:21.496,0.62165,0.622,4.40,2.40
2010.07.30 03:20:21.677,0.62165,0.622,4.00,2.40
2010.07.30 03:20:24.187,0.6216,0.62195,7.20,2.40
2010.07.30 03:20:24.889,0.6216,0.6218,4.80,1.00
2010.07.30 03:20:25.044,0.62145,0.6218,4.00,3.60
2010.07.30 03:20:27.697,0.62145,0.6218,4.00,4.00
2010.07.30 03:20:27.787,0.62145,0.62175,4.00,1.60
2010.07.30 03:20:27.876,0.62145,0.62175,1.00,3.20
2010.07.30 03:20:28.069,0.6214,0.62175,3.60,4.00
2010.07.30 03:20:28.156,0.6214,0.62175,3.20,4.00
2010.07.30 03:20:28.971,0.62145,0.62175,1.00,3.20
2010.07.30 03:20:29.206,0.62145,0.6218,2.40,12.40
2010.07.30 03:20:29.883,0.62145,0.6218,2.40,3.60
2010.07.30 03:20:35.626,0.62145,0.6218,2.40,2.80
2010.07.30 03:20:35.695,0.62145,0.6218,2.40,2.40
2010.07.30 03:20:36.419,0.62145,0.6218,3.20,2.40
2010.07.30 03:20:36.500,0.62165,0.62185,3.20,1.00
2010.07.30 03:20:36.736,0.62165,0.622,3.60,3.20
2010.07.30 03:20:38.584,0.6216,0.6219,4.00,1.00
2010.07.30 03:20:38.727,0.6216,0.6219,1.00,1.00
2010.07.30 03:20:48.739,0.62165,0.62195,1.00,2.00
2010.07.30 03:20:49.315,0.62165,0.62195,1.00,1.60
2010.07.30 03:20:49.657,0.62165,0.622,2.40,1.60
2010.07.30 03:20:52.628,0.62165,0.62195,1.60,1.00
2010.07.30 03:20:53.058,0.6216,0.62195,4.00,4.00
2010.07.30 03:20:53.276,0.6216,0.62195,1.00,4.00
2010.07.30 03:21:01.088,0.62155,0.6219,9.60,1.00
2010.07.30 03:21:01.276,0.62155,0.6219,8.80,1.00
2010.07.30 03:21:01.616,0.62155,0.6219,2.40,1.00
2010.07.30 03:21:02.595,0.62155,0.62185,1.60,1.00
2010.07.30 03:21:04.230,0.62155,0.6218,1.60,1.60
2010.07.30 03:21:04.879,0.62155,0.6218,1.60,3.60
2010.07.30 03:21:05.076,0.62145,0.6218,2.40,3.60
2010.07.30 03:21:08.372,0.62145,0.6218,2.40,3.20
2010.07.30 03:21:08.578,0.62145,0.6218,2.40,2.40
2010.07.30 03:21:12.666,0.6215,0.6218,1.60,1.60
2010.07.30 03:21:12.858,0.62155,0.62185,1.60,1.60
2010.07.30 03:21:13.567,0.62155,0.62185,1.60,1.00
2010.07.30 03:21:14.107,0.62155,0.62185,1.60,1.60
2010.07.30 03:21:14.277,0.62155,0.62185,1.60,2.00
2010.07.30 03:21:18.585,0.6215,0.62185,1.00,3.60
2010.07.30 03:21:22.060,0.6215,0.62185,1.00,6.80
2010.07.30 03:21:27.390,0.6215,0.62185,3.60,2.40
2010.07.30 03:21:27.898,0.62155,0.62185,1.60,1.00
2010.07.30 03:21:34.447,0.62155,0.6219,2.40,9.20
2010.07.30 03:21:34.629,0.62155,0.62185,1.60,1.00
2010.07.30 03:21:35.167,0.62155,0.6219,2.40,4.40
2010.07.30 03:21:35.347,0.62155,0.6219,2.40,1.00
2010.07.30 03:22:01.491,0.62155,0.62185,1.60,1.00
2010.07.30 03:22:03.606,0.62155,0.62185,1.60,2.00
2010.07.30 03:22:03.746,0.62155,0.62185,1.60,1.00
2010.07.30 03:22:04.368,0.62155,0.62185,1.60,2.80
2010.07.30 03:22:05.389,0.6215,0.62185,1.00,4.40
2010.07.30 03:22:08.469,0.6215,0.62185,1.60,3.60
2010.07.30 03:22:08.627,0.6215,0.62185,3.20,2.80
2010.07.30 03:22:08.786,0.6215,0.62185,3.60,2.40
2010.07.30 03:22:09.226,0.62155,0.62185,1.60,1.00
2010.07.30 03:22:27.116,0.6216,0.6219,1.00,8.40
2010.07.30 03:22:27.277,0.6216,0.6219,1.00,6.40
2010.07.30 03:22:27.438,0.6216,0.62195,1.00,10.40
2010.07.30 03:22:28.019,0.62155,0.6219,4.40,1.00
2010.07.30 03:22:28.330,0.62155,0.6219,2.40,1.00
2010.07.30 03:22:34.178,0.62155,0.6219,2.40,1.60
2010.07.30 03:22:39.176,0.62155,0.62185,1.00,1.00
2010.07.30 03:22:39.351,0.6215,0.6218,1.00,1.00
2010.07.30 03:22:39.486,0.62145,0.6218,5.20,1.00
2010.07.30 03:22:40.417,0.62145,0.62175,2.80,1.00
2010.07.30 03:22:40.527,0.62145,0.62175,2.40,1.00
2010.07.30 03:23:01.670,0.62145,0.62175,1.00,2.40
2010.07.30 03:23:05.028,0.6214,0.62175,2.80,3.20
2010.07.30 03:23:05.187,0.6214,0.62175,2.40,3.60
2010.07.30 03:23:05.785,0.6214,0.62175,2.40,5.20
2010.07.30 03:23:09.847,0.6214,0.62175,2.40,8.40
2010.07.30 03:23:10.444,0.6214,0.62175,2.40,5.20
2010.07.30 03:23:15.789,0.6214,0.6217,1.00,1.60
2010.07.30 03:23:16.629,0.6214,0.6217,1.00,2.40
2010.07.30 03:23:17.347,0.62135,0.6217,8.00,2.40
2010.07.30 03:23:17.677,0.62135,0.6217,4.80,2.40
2010.07.30 03:23:21.407,0.62135,0.62165,4.80,1.00
2010.07.30 03:23:21.637,0.62135,0.62165,4.80,1.60
2010.07.30 03:23:21.867,0.62135,0.6217,4.80,2.80
2010.07.30 03:23:22.099,0.62135,0.6217,4.80,2.40
2010.07.30 03:23:45.610,0.62135,0.62165,4.00,1.00
2010.07.30 03:23:45.721,0.62135,0.6217,4.00,2.40
2010.07.30 03:23:52.997,0.62135,0.62165,3.20,1.00
2010.07.30 03:23:53.269,0.62135,0.6216,1.60,1.60
2010.07.30 03:23:53.538,0.62135,0.6217,4.00,2.40
2010.07.30 03:24:00.050,0.6214,0.6217,1.00,1.60
2010.07.30 03:24:00.327,0.6214,0.62175,2.40,10.80
2010.07.30 03:24:00.417,0.6214,0.62175,2.40,9.20
2010.07.30 03:24:00.517,0.6214,0.62175,2.40,12.40
2010.07.30 03:24:00.618,0.6214,0.62175,2.40,9.20
2010.07.30 03:24:02.530,0.6214,0.62175,2.40,9.60
2010.07.30 03:24:10.807,0.6214,0.6217,1.60,3.20
2010.07.30 03:24:10.898,0.6214,0.6216,1.00,1.60
2010.07.30 03:24:11.067,0.6214,0.6216,1.60,1.00
2010.07.30 03:24:11.823,0.62135,0.6216,1.60,1.00
2010.07.30 03:24:12.103,0.6214,0.6217,1.00,1.00
2010.07.30 03:24:18.551,0.6214,0.62175,1.00,9.20
2010.07.30 03:24:20.298,0.6214,0.6216,1.00,1.60
2010.07.30 03:24:20.560,0.6214,0.62175,2.40,9.20
2010.07.30 03:24:24.991,0.6214,0.6217,1.60,1.00
2010.07.30 03:24:25.640,0.62135,0.6217,4.00,2.40
2010.07.30 03:24:25.796,0.6214,0.6217,1.00,1.60
2010.07.30 03:24:25.957,0.6214,0.62175,2.40,9.20
2010.07.30 03:24:29.037,0.6214,0.62165,1.60,1.00
2010.07.30 03:24:29.168,0.62135,0.6216,2.00,1.00
2010.07.30 03:24:29.821,0.6213,0.6216,4.00,1.00
2010.07.30 03:24:29.962,0.62125,0.6215,1.60,1.00
2010.07.30 03:24:30.507,0.62125,0.62155,1.60,1.20
2010.07.30 03:24:30.686,0.62125,0.62155,1.60,1.00
2010.07.30 03:24:33.330,0.62125,0.62155,1.60,1.60
2010.07.30 03:24:33.576,0.62125,0.62155,1.60,2.00
2010.07.30 03:24:33.646,0.62125,0.62155,1.60,2.80
2010.07.30 03:24:40.990,0.62125,0.6215,1.60,1.00
2010.07.30 03:24:41.046,0.62115,0.6215,8.80,1.00
2010.07.30 03:24:41.107,0.62115,0.6215,8.80,3.20
2010.07.30 03:24:41.258,0.62115,0.6215,5.60,3.20
2010.07.30 03:24:41.318,0.62115,0.6215,2.40,4.00
2010.07.30 03:24:41.378,0.6212,0.6215,1.00,1.00
2010.07.30 03:24:52.218,0.6212,0.6215,3.20,1.00
2010.07.30 03:24:52.539,0.6212,0.62155,4.40,3.20
2010.07.30 03:24:53.175,0.62125,0.62155,1.60,1.60
2010.07.30 03:25:00.737,0.6212,0.62155,4.40,3.20
2010.07.30 03:25:08.158,0.6212,0.6215,2.40,1.00
2010.07.30 03:25:08.347,0.62115,0.6215,2.40,3.20
2010.07.30 03:25:11.702,0.62115,0.6215,2.40,5.20
2010.07.30 03:25:14.780,0.62115,0.62145,1.60,1.00
2010.07.30 03:25:15.078,0.62115,0.6215,2.40,8.40
2010.07.30 03:25:15.296,0.62115,0.6215,2.40,5.20
2010.07.30 03:25:18.451,0.62115,0.62145,1.60,1.60
2010.07.30 03:25:19.268,0.6211,0.62145,1.00,3.20
2010.07.30 03:25:19.788,0.62105,0.6214,6.80,1.00
2010.07.30 03:25:20.588,0.62105,0.6214,10.00,1.00
2010.07.30 03:25:21.709,0.62105,0.6214,6.80,1.00
2010.07.30 03:25:22.360,0.62105,0.6214,10.00,1.00
2010.07.30 03:25:25.269,0.6211,0.62145,1.00,3.60
2010.07.30 03:25:25.416,0.6211,0.62145,3.20,3.20
2010.07.30 03:25:25.628,0.62105,0.6214,10.00,1.00
2010.07.30 03:25:43.828,0.6211,0.6214,1.00,1.00
2010.07.30 03:25:49.088,0.6211,0.62145,1.00,3.20
2010.07.30 03:25:49.237,0.6211,0.62145,4.00,3.20
2010.07.30 03:25:50.078,0.6211,0.62145,1.00,3.20
2010.07.30 03:25:59.267,0.6211,0.6214,1.00,1.00
2010.07.30 03:26:01.357,0.62115,0.62145,1.00,2.40
2010.07.30 03:26:01.537,0.62115,0.62145,2.40,1.00
2010.07.30 03:26:08.310,0.6212,0.6215,1.00,3.20
2010.07.30 03:26:08.447,0.6212,0.6215,1.00,1.00
2010.07.30 03:26:48.276,0.62115,0.6215,6.00,1.60
2010.07.30 03:26:48.448,0.62115,0.6215,2.40,4.00
2010.07.30 03:27:02.326,0.6212,0.6215,1.00,3.20
2010.07.30 03:27:02.557,0.6212,0.6215,1.00,1.00
2010.07.30 03:27:06.867,0.6212,0.6215,4.00,1.00
2010.07.30 03:27:06.959,0.6212,0.6215,4.40,1.00
2010.07.30 03:27:07.769,0.6212,0.62155,4.40,3.20
2010.07.30 03:27:14.791,0.6212,0.62155,3.60,3.20
2010.07.30 03:27:14.869,0.6212,0.62155,3.20,3.20
2010.07.30 03:27:16.316,0.6212,0.62155,3.20,2.40
2010.07.30 03:27:16.497,0.62125,0.62155,1.00,1.60
2010.07.30 03:27:16.588,0.6212,0.62155,3.60,2.40
2010.07.30 03:27:16.691,0.6212,0.62155,3.20,2.40
2010.07.30 03:27:27.387,0.6212,0.62155,4.00,2.40
2010.07.30 03:27:27.627,0.6212,0.62155,4.40,2.40
2010.07.30 03:28:35.944,0.6212,0.62155,3.60,2.40
2010.07.30 03:28:36.518,0.6212,0.62155,3.20,2.40
2010.07.30 03:28:44.680,0.62135,0.62155,1.00,1.60
2010.07.30 03:28:44.896,0.62135,0.6216,1.00,11.60
2010.07.30 03:28:45.009,0.62135,0.6216,1.00,1.60
2010.07.30 03:28:45.116,0.62135,0.62165,1.00,1.00
2010.07.30 03:28:53.666,0.6212,0.6215,4.00,2.40
2010.07.30 03:28:53.859,0.6212,0.62145,6.40,2.00
2010.07.30 03:28:54.061,0.6212,0.62155,6.40,4.80
2010.07.30 03:28:54.259,0.6212,0.62145,6.40,1.00
2010.07.30 03:28:54.458,0.6212,0.62155,6.40,2.40
2010.07.30 03:28:58.408,0.6212,0.6215,2.40,1.00
2010.07.30 03:28:58.569,0.6212,0.62155,1.00,4.80
2010.07.30 03:28:59.258,0.62125,0.62155,1.60,3.20
2010.07.30 03:29:02.380,0.6212,0.6215,1.00,1.60
2010.07.30 03:29:02.527,0.62115,0.6215,5.20,2.40
2010.07.30 03:29:05.582,0.62115,0.62145,4.40,1.00
2010.07.30 03:29:05.678,0.62115,0.62145,2.80,1.00
2010.07.30 03:29:05.768,0.62115,0.62145,2.40,1.00
2010.07.30 03:29:05.868,0.62115,0.62145,1.00,1.00
2010.07.30 03:29:05.967,0.62115,0.62145,2.40,1.00
2010.07.30 03:29:07.736,0.62125,0.62155,1.60,3.20
2010.07.30 03:29:09.458,0.62125,0.6215,1.60,1.00
2010.07.30 03:29:10.225,0.62115,0.6215,8.80,1.00
2010.07.30 03:29:10.349,0.62115,0.6215,5.20,1.00
2010.07.30 03:29:12.615,0.62115,0.62145,1.60,1.00
2010.07.30 03:29:14.588,0.62115,0.6214,1.60,1.00
2010.07.30 03:29:15.980,0.62115,0.62145,2.40,6.00
2010.07.30 03:29:16.325,0.62125,0.62155,1.00,8.80
2010.07.30 03:29:17.086,0.62125,0.62155,1.00,4.80
2010.07.30 03:29:17.301,0.62125,0.62155,1.00,1.60
2010.07.30 03:29:20.835,0.62125,0.62155,1.60,1.60
2010.07.30 03:29:20.949,0.62125,0.62155,2.40,1.60
2010.07.30 03:29:21.067,0.62125,0.62155,3.20,1.60
2010.07.30 03:29:21.179,0.62125,0.62155,2.40,1.60
2010.07.30 03:29:24.060,0.6213,0.62155,1.00,1.60
2010.07.30 03:29:24.178,0.6213,0.6216,4.00,2.00
2010.07.30 03:29:24.809,0.6213,0.6216,3.20,1.00
2010.07.30 03:29:24.947,0.6213,0.62165,3.60,2.40
2010.07.30 03:29:25.582,0.62135,0.6217,2.40,5.20
2010.07.30 03:29:25.838,0.62135,0.6217,4.00,4.80
2010.07.30 03:29:30.880,0.62135,0.62165,3.20,1.00
2010.07.30 03:29:31.068,0.62135,0.62165,1.60,2.40
2010.07.30 03:29:31.158,0.62135,0.6216,1.60,1.00
2010.07.30 03:29:31.734,0.62135,0.62165,1.60,2.40
2010.07.30 03:29:31.822,0.6213,0.62165,2.40,2.80
2010.07.30 03:29:31.907,0.6213,0.62165,3.20,2.40
2010.07.30 03:29:31.987,0.62135,0.62165,1.00,1.60
2010.07.30 03:29:32.178,0.6213,0.62165,9.60,2.40
2010.07.30 03:29:32.378,0.62135,0.62165,1.60,1.00
2010.07.30 03:29:32.768,0.62135,0.6217,2.40,8.00
2010.07.30 03:29:33.570,0.62135,0.6217,2.40,4.80
2010.07.30 03:29:36.161,0.6214,0.6217,1.00,4.80
2010.07.30 03:29:36.338,0.62135,0.6217,6.80,1.00
2010.07.30 03:29:36.428,0.6214,0.6217,1.00,2.40
2010.07.30 03:29:36.518,0.62135,0.6217,7.20,4.80
2010.07.30 03:29:36.607,0.62135,0.6217,10.40,2.40
2010.07.30 03:29:36.687,0.62135,0.6217,10.40,4.80
2010.07.30 03:29:36.768,0.62135,0.6217,4.00,4.80
2010.07.30 03:29:38.337,0.6214,0.6217,1.00,1.60
2010.07.30 03:29:38.508,0.6214,0.62175,1.00,11.60
2010.07.30 03:29:38.858,0.6214,0.62175,1.00,5.60
2010.07.30 03:29:39.027,0.62145,0.62175,1.00,4.40
2010.07.30 03:29:39.197,0.62145,0.62175,1.00,4.00
2010.07.30 03:29:39.399,0.6214,0.62175,3.20,5.20
2010.07.30 03:29:40.047,0.6214,0.62175,1.60,5.20
2010.07.30 03:29:46.737,0.6214,0.62175,1.60,3.60
2010.07.30 03:29:46.767,0.6215,0.62175,1.60,2.00
2010.07.30 03:29:47.508,0.6216,0.6218,1.00,3.20
2010.07.30 03:29:47.539,0.6216,0.62185,1.00,1.60
2010.07.30 03:29:47.948,0.6216,0.62185,7.20,1.60
2010.07.30 03:29:48.288,0.62165,0.62185,1.00,1.60
2010.07.30 03:29:49.798,0.6217,0.62185,1.00,1.60
2010.07.30 03:29:50.249,0.62165,0.62195,1.00,1.60
2010.07.30 03:29:51.096,0.6216,0.62195,1.00,2.40
2010.07.30 03:29:51.259,0.6216,0.62185,1.00,1.60
2010.07.30 03:29:53.687,0.6216,0.62195,1.00,2.40
2010.07.30 03:29:53.852,0.6216,0.62195,1.20,2.40
2010.07.30 03:29:54.015,0.6216,0.62195,1.00,2.40
2010.07.30 03:29:54.736,0.62155,0.62185,10.40,1.00
2010.07.30 03:29:55.081,0.62155,0.62185,4.00,1.00
2010.07.30 03:29:56.878,0.62155,0.62185,10.40,1.00
2010.07.30 03:30:05.040,0.62155,0.62185,9.60,1.60
2010.07.30 03:30:05.299,0.62155,0.62185,2.40,2.40
2010.07.30 03:30:05.529,0.62155,0.62185,5.60,1.00
2010.07.30 03:30:05.757,0.62155,0.62185,9.60,1.00
2010.07.30 03:30:08.188,0.62155,0.62185,3.20,1.00
2010.07.30 03:30:11.918,0.62155,0.6219,4.00,3.60
2010.07.30 03:30:12.058,0.6216,0.62195,1.00,10.80
2010.07.30 03:30:12.329,0.62165,0.62195,1.60,2.40
2010.07.30 03:30:13.528,0.6216,0.62195,4.80,4.00
2010.07.30 03:30:14.256,0.6216,0.62195,5.60,4.00
2010.07.30 03:30:15.924,0.6216,0.62195,8.80,4.00
2010.07.30 03:30:19.111,0.6216,0.62195,6.40,4.40
2010.07.30 03:30:19.209,0.6216,0.62195,4.80,4.00
2010.07.30 03:30:19.397,0.6216,0.62195,8.00,4.00
2010.07.30 03:30:21.382,0.6216,0.62195,5.60,4.00
2010.07.30 03:30:21.539,0.6216,0.6219,3.20,6.00
2010.07.30 03:30:21.701,0.62155,0.6219,11.20,6.00
2010.07.30 03:30:22.441,0.6216,0.6219,1.00,1.00
2010.07.30 03:30:24.829,0.6216,0.62195,1.00,4.40
2010.07.30 03:30:25.007,0.6216,0.62195,1.00,4.00
2010.07.30 03:30:25.188,0.6216,0.62195,8.00,4.00
2010.07.30 03:30:26.210,0.6216,0.62195,4.80,4.00
2010.07.30 03:30:29.814,0.6216,0.6219,2.40,3.20
2010.07.30 03:30:30.002,0.62155,0.6219,7.20,6.00
2010.07.30 03:30:31.399,0.62155,0.6219,4.00,6.00
2010.07.30 03:30:41.271,0.6216,0.6219,1.00,5.20
2010.07.30 03:30:41.408,0.6216,0.6219,1.00,2.80
2010.07.30 03:30:41.478,0.6216,0.6219,1.00,1.20
2010.07.30 03:30:41.497,0.6216,0.6219,1.00,1.00
2010.07.30 03:30:41.608,0.6216,0.62195,1.00,10.80
2010.07.30 03:30:41.674,0.6216,0.62195,2.40,10.80
2010.07.30 03:30:41.701,0.6216,0.62195,2.40,4.80
2010.07.30 03:30:41.749,0.6216,0.62195,4.80,4.80
2010.07.30 03:30:41.804,0.6216,0.62195,8.00,4.80
2010.07.30 03:30:42.419,0.6216,0.62195,8.00,4.00
2010.07.30 03:30:44.458,0.6216,0.6219,3.20,1.60
2010.07.30 03:30:45.229,0.6216,0.62195,8.00,4.00
2010.07.30 03:31:01.240,0.6216,0.6219,7.20,1.00
2010.07.30 03:31:01.297,0.6216,0.6219,4.80,1.00
2010.07.30 03:31:01.413,0.6216,0.6219,3.20,1.00
2010.07.30 03:31:01.478,0.6216,0.62195,4.00,4.00
2010.07.30 03:31:01.537,0.6216,0.62195,4.00,4.80
2010.07.30 03:31:01.657,0.6216,0.62195,5.60,4.80
2010.07.30 03:31:01.718,0.6216,0.62195,4.80,4.40
2010.07.30 03:31:02.479,0.6216,0.62195,8.00,4.00
2010.07.30 03:31:03.108,0.6216,0.62195,11.20,4.00
2010.07.30 03:31:06.067,0.6216,0.62195,8.00,4.00
2010.07.30 03:31:06.277,0.6216,0.62195,7.20,4.00
2010.07.30 03:31:07.228,0.6217,0.62195,6.40,1.60
2010.07.30 03:31:07.431,0.62175,0.62205,7.20,4.40
2010.07.30 03:31:07.990,0.62175,0.62205,7.20,2.80
2010.07.30 03:31:08.160,0.62175,0.62205,7.20,2.40
2010.07.30 03:31:08.928,0.62175,0.62205,6.40,3.20
2010.07.30 03:31:09.098,0.62175,0.62205,6.40,3.60
2010.07.30 03:31:09.347,0.6217,0.62205,10.40,3.60
2010.07.30 03:31:09.598,0.6217,0.622,9.60,1.00
2010.07.30 03:31:09.851,0.6217,0.62205,7.20,3.60
2010.07.30 03:31:10.100,0.6217,0.622,7.20,1.00
2010.07.30 03:31:10.859,0.6217,0.622,4.00,1.00
2010.07.30 03:31:12.407,0.6217,0.622,3.20,1.00
2010.07.30 03:31:15.530,0.6217,0.62195,3.20,1.00
2010.07.30 03:31:15.767,0.62165,0.62195,8.80,1.00
2010.07.30 03:31:15.849,0.62165,0.62195,8.00,1.00
2010.07.30 03:31:16.398,0.62165,0.62195,1.60,1.00
2010.07.30 03:31:21.611,0.62165,0.62195,3.20,1.00
2010.07.30 03:31:21.781,0.62165,0.62195,1.60,1.00
2010.07.30 03:31:24.610,0.6217,0.622,3.20,1.00
2010.07.30 03:31:25.238,0.6217,0.62205,4.00,3.60
2010.07.30 03:31:25.928,0.62175,0.62205,3.20,2.40
2010.07.30 03:31:26.377,0.62175,0.62205,6.40,2.40
2010.07.30 03:31:32.944,0.6217,0.62205,4.00,2.80
2010.07.30 03:31:33.042,0.62175,0.6221,8.00,2.40
2010.07.30 03:31:34.977,0.6218,0.6221,1.00,1.60
2010.07.30 03:31:35.088,0.6218,0.6221,3.20,1.60
2010.07.30 03:31:35.200,0.6219,0.62215,1.00,2.00
2010.07.30 03:31:35.747,0.6219,0.62215,4.00,2.00
2010.07.30 03:31:35.965,0.62185,0.62215,7.20,1.60
2010.07.30 03:31:38.666,0.6219,0.62215,7.60,1.60
2010.07.30 03:31:38.978,0.6219,0.62215,7.20,1.60
2010.07.30 03:31:42.479,0.6219,0.62215,8.00,1.60
2010.07.30 03:31:42.626,0.6219,0.62225,10.40,2.80
2010.07.30 03:31:42.697,0.62195,0.62225,3.20,2.80
2010.07.30 03:31:42.767,0.62195,0.62225,3.20,2.40
2010.07.30 03:31:43.771,0.6219,0.6222,7.20,1.00
2010.07.30 03:31:45.640,0.6219,0.62225,8.00,2.80
2010.07.30 03:31:45.834,0.6219,0.62225,8.40,2.40
2010.07.30 03:31:46.518,0.62195,0.6222,6.40,1.00
2010.07.30 03:31:46.692,0.62195,0.62225,6.40,2.80
2010.07.30 03:31:46.910,0.62195,0.6222,6.40,1.00
2010.07.30 03:31:47.019,0.6219,0.62225,8.00,2.80
2010.07.30 03:31:47.129,0.62195,0.62225,6.40,2.40
2010.07.30 03:31:47.239,0.62195,0.6222,6.40,1.00
2010.07.30 03:31:47.891,0.62195,0.62225,6.40,2.40
2010.07.30 03:31:48.179,0.62195,0.62225,6.40,2.80
2010.07.30 03:31:48.469,0.62195,0.6222,3.20,1.60
2010.07.30 03:31:51.940,0.62195,0.6222,3.20,1.00
2010.07.30 03:31:52.188,0.62195,0.6222,6.40,1.00
2010.07.30 03:31:55.728,0.622,0.62225,1.00,1.60
2010.07.30 03:31:55.898,0.622,0.62225,3.20,1.60
2010.07.30 03:31:56.147,0.622,0.62225,9.60,1.60
2010.07.30 03:31:56.227,0.622,0.62235,9.60,4.40
2010.07.30 03:31:58.147,0.62205,0.62235,3.20,4.40
2010.07.30 03:32:01.197,0.622,0.62235,9.60,4.40
2010.07.30 03:32:02.239,0.622,0.6223,8.80,1.00
2010.07.30 03:32:02.398,0.622,0.6223,5.60,1.00
2010.07.30 03:32:02.479,0.62195,0.6223,9.20,1.00
2010.07.30 03:32:02.558,0.62195,0.6223,8.80,1.00
2010.07.30 03:32:02.789,0.62195,0.62225,8.00,1.00
2010.07.30 03:32:03.512,0.6219,0.6222,6.40,1.00
2010.07.30 03:32:03.828,0.6219,0.6222,5.60,1.00
2010.07.30 03:32:05.508,0.6219,0.6222,8.80,1.00
2010.07.30 03:32:06.055,0.6219,0.6222,5.60,1.00
2010.07.30 03:32:08.840,0.62195,0.6222,1.60,1.00
2010.07.30 03:32:09.014,0.6219,0.6222,5.60,1.00
2010.07.30 03:32:12.481,0.62195,0.62225,1.00,2.00
2010.07.30 03:32:12.578,0.62195,0.62225,6.40,2.80
2010.07.30 03:32:12.678,0.62195,0.62225,6.40,2.40
2010.07.30 03:32:12.777,0.62195,0.62225,8.00,1.00
2010.07.30 03:32:13.564,0.62195,0.62225,1.60,1.00
2010.07.30 03:32:13.911,0.62195,0.6223,2.40,1.00
2010.07.30 03:32:14.028,0.62195,0.6223,8.80,1.00
2010.07.30 03:32:25.190,0.62195,0.62225,8.00,1.00
2010.07.30 03:32:25.429,0.62195,0.6223,5.60,1.20
2010.07.30 03:32:25.668,0.62195,0.6223,8.80,1.00
2010.07.30 03:32:27.512,0.62195,0.62225,4.80,1.00
2010.07.30 03:32:27.867,0.62195,0.62225,1.60,1.00
2010.07.30 03:32:28.669,0.62195,0.62225,3.20,2.40
2010.07.30 03:32:28.839,0.62195,0.62225,6.40,2.40
2010.07.30 03:32:33.259,0.62195,0.6223,8.80,1.20
2010.07.30 03:32:33.417,0.62195,0.6223,8.80,1.00
2010.07.30 03:32:35.346,0.622,0.6223,7.20,1.00
2010.07.30 03:32:35.634,0.62195,0.6223,8.80,1.00
2010.07.30 03:32:35.758,0.622,0.6223,1.00,1.00
2010.07.30 03:32:36.008,0.622,0.6223,7.20,1.00
2010.07.30 03:32:36.618,0.622,0.6223,4.00,1.00
2010.07.30 03:32:37.857,0.622,0.62235,4.80,2.80
2010.07.30 03:32:38.067,0.622,0.62235,7.20,2.80
2010.07.30 03:32:38.220,0.622,0.62235,4.40,2.40
2010.07.30 03:32:39.498,0.62205,0.6224,4.00,4.40
2010.07.30 03:32:39.769,0.6221,0.6224,4.00,1.00
2010.07.30 03:32:40.039,0.6221,0.62245,5.60,3.20
2010.07.30 03:32:41.728,0.6221,0.6224,4.80,1.00
2010.07.30 03:32:41.828,0.6221,0.6224,3.20,1.00
2010.07.30 03:32:41.927,0.6221,0.6224,1.00,1.00
2010.07.30 03:32:42.127,0.62205,0.6224,4.80,1.00
2010.07.30 03:32:42.841,0.62205,0.62235,1.60,1.00
2010.07.30 03:32:45.610,0.62205,0.6223,1.60,1.00
2010.07.30 03:32:46.403,0.62195,0.6223,8.80,1.00
2010.07.30 03:32:47.924,0.62205,0.62235,1.60,1.00
2010.07.30 03:32:50.926,0.62205,0.62235,4.80,1.00
2010.07.30 03:32:51.227,0.62205,0.62235,8.00,1.00
2010.07.30 03:33:07.911,0.62205,0.6224,8.80,3.60
2010.07.30 03:33:08.139,0.6221,0.6224,1.00,2.40
2010.07.30 03:33:08.368,0.6221,0.62245,9.60,4.40
2010.07.30 03:33:11.363,0.6221,0.62245,3.20,4.40
2010.07.30 03:33:17.439,0.62215,0.62245,1.00,3.60
2010.07.30 03:33:17.539,0.62215,0.62245,2.40,1.00
2010.07.30 03:33:18.121,0.62215,0.6225,2.40,1.00
2010.07.30 03:33:19.549,0.62215,0.62245,2.40,1.00
2010.07.30 03:33:20.245,0.62215,0.6225,2.40,1.00
2010.07.30 03:33:20.361,0.62215,0.6225,5.60,1.00
2010.07.30 03:33:21.054,0.62215,0.62245,5.60,1.00
2010.07.30 03:33:21.174,0.62215,0.62245,8.80,1.00
2010.07.30 03:33:21.858,0.62215,0.6225,8.80,3.60
2010.07.30 03:33:22.201,0.62215,0.6225,9.60,1.00
2010.07.30 03:33:22.308,0.62215,0.6225,10.00,1.00
2010.07.30 03:33:22.480,0.62215,0.6225,9.20,1.60
2010.07.30 03:33:22.587,0.62215,0.6225,8.80,2.00
2010.07.30 03:33:22.697,0.62215,0.6225,8.80,4.40
2010.07.30 03:33:23.306,0.62215,0.6225,5.60,6.00
2010.07.30 03:33:23.579,0.6221,0.62245,9.60,2.40
2010.07.30 03:33:26.240,0.6221,0.62245,6.40,2.40
2010.07.30 03:33:26.308,0.6221,0.62245,3.20,2.40
2010.07.30 03:33:29.227,0.6221,0.62245,3.20,3.20
2010.07.30 03:33:31.029,0.6221,0.62245,6.40,3.20
2010.07.30 03:33:31.118,0.6221,0.62245,9.60,3.20
2010.07.30 03:33:39.537,0.6221,0.6224,6.40,1.60
2010.07.30 03:33:39.804,0.622,0.62235,7.20,4.00
2010.07.30 03:33:47.337,0.622,0.62235,4.00,4.00
2010.07.30 03:33:47.417,0.622,0.62235,3.20,4.00
2010.07.30 03:33:48.456,0.622,0.62235,4.80,2.40
2010.07.30 03:33:49.256,0.62195,0.6223,14.00,1.00
2010.07.30 03:33:49.469,0.62195,0.6223,12.40,1.00
2010.07.30 03:33:50.353,0.62205,0.62235,1.00,1.60
2010.07.30 03:33:51.042,0.622,0.62235,4.80,2.40
2010.07.30 03:34:03.255,0.622,0.6223,3.20,1.60
2010.07.30 03:34:03.531,0.62195,0.62225,4.80,1.00
2010.07.30 03:34:03.798,0.62195,0.62225,3.20,1.60
2010.07.30 03:34:04.068,0.62195,0.62225,1.60,3.60
2010.07.30 03:34:04.690,0.6219,0.62225,7.20,5.20
2010.07.30 03:34:04.926,0.622,0.62225,2.40,1.60
2010.07.30 03:34:05.152,0.622,0.62235,4.80,11.20
2010.07.30 03:34:05.379,0.622,0.62235,4.80,4.80
2010.07.30 03:34:05.607,0.622,0.62235,4.80,3.20
2010.07.30 03:34:06.510,0.622,0.62235,3.20,4.80
2010.07.30 03:34:06.763,0.62195,0.62225,4.00,1.00
2010.07.30 03:34:25.478,0.62195,0.6223,4.80,5.20
2010.07.30 03:34:25.627,0.62195,0.6223,5.20,1.00
2010.07.30 03:34:25.779,0.62195,0.6223,8.40,1.00
2010.07.30 03:34:28.050,0.62195,0.6223,11.60,1.00
2010.07.30 03:34:30.758,0.62195,0.6223,12.40,1.00
2010.07.30 03:34:35.768,0.62195,0.6223,9.20,1.00
2010.07.30 03:34:36.688,0.62195,0.6223,9.60,1.00
2010.07.30 03:34:36.799,0.62195,0.6223,12.80,1.00
2010.07.30 03:34:36.908,0.622,0.6223,6.40,1.00
2010.07.30 03:34:37.237,0.622,0.62235,7.20,2.80
2010.07.30 03:34:37.532,0.622,0.62235,7.20,2.40
2010.07.30 03:34:42.018,0.622,0.62235,8.40,2.40
2010.07.30 03:34:42.289,0.622,0.6223,7.60,1.00
2010.07.30 03:34:42.428,0.622,0.6223,4.00,1.00
2010.07.30 03:34:46.620,0.62205,0.62235,1.60,3.60
2010.07.30 03:34:46.678,0.62205,0.62235,1.60,2.00
2010.07.30 03:34:47.269,0.6221,0.6224,5.60,4.00
2010.07.30 03:34:47.331,0.6221,0.6224,5.60,1.00
2010.07.30 03:34:47.509,0.6222,0.62245,3.20,2.00
2010.07.30 03:34:47.630,0.62225,0.62245,1.00,2.00
2010.07.30 03:34:47.748,0.62225,0.62255,1.00,1.60
2010.07.30 03:34:48.228,0.6223,0.62255,1.00,1.60
2010.07.30 03:34:49.269,0.6223,0.6226,1.00,1.00
2010.07.30 03:34:49.748,0.62225,0.6226,9.20,1.60
2010.07.30 03:34:49.888,0.62225,0.6226,9.20,3.20
2010.07.30 03:34:50.030,0.62225,0.6226,2.40,6.40
2010.07.30 03:34:50.167,0.62225,0.62255,1.00,1.60
2010.07.30 03:34:51.698,0.6222,0.62255,6.00,3.20
2010.07.30 03:34:52.002,0.62215,0.6224,6.00,3.20
2010.07.30 03:34:52.219,0.62215,0.6224,3.20,3.20
2010.07.30 03:34:52.439,0.62205,0.6224,2.40,3.20
2010.07.30 03:34:54.056,0.62205,0.62235,1.60,1.00
2010.07.30 03:34:54.231,0.622,0.62235,2.00,3.20
2010.07.30 03:34:56.693,0.6221,0.6224,2.40,6.00
2010.07.30 03:34:56.789,0.62205,0.6224,1.00,10.40
2010.07.30 03:34:56.888,0.62205,0.6224,1.00,7.20
2010.07.30 03:34:56.987,0.62205,0.6224,2.40,7.20
2010.07.30 03:34:57.087,0.62205,0.6224,2.40,4.00
2010.07.30 03:35:01.680,0.62205,0.6224,5.60,4.00
2010.07.30 03:35:01.758,0.62205,0.6224,8.80,4.00
2010.07.30 03:35:03.659,0.62205,0.6224,8.80,3.20
2010.07.30 03:35:43.228,0.6221,0.6224,1.00,2.40
2010.07.30 03:35:43.430,0.6221,0.6224,4.00,2.40
2010.07.30 03:35:43.529,0.6221,0.6224,7.20,2.40
2010.07.30 03:35:57.239,0.6221,0.6224,4.00,2.40
2010.07.30 03:35:57.467,0.6221,0.6224,7.20,2.40
2010.07.30 03:36:39.138,0.6221,0.62235,6.40,1.00
2010.07.30 03:36:39.299,0.6221,0.62235,3.20,1.00
2010.07.30 03:36:39.368,0.62205,0.62235,8.80,1.00
2010.07.30 03:36:39.438,0.62205,0.62235,8.00,1.00
2010.07.30 03:36:39.508,0.62205,0.62235,6.40,2.40
2010.07.30 03:36:43.618,0.62205,0.62235,7.20,2.40
2010.07.30 03:36:44.759,0.62205,0.62235,6.40,2.40
2010.07.30 03:36:48.810,0.62205,0.62235,7.20,2.40
2010.07.30 03:36:52.299,0.6221,0.62235,1.00,1.60
2010.07.30 03:36:52.388,0.6221,0.6224,1.00,3.60
2010.07.30 03:36:52.469,0.6221,0.6224,4.00,3.60
2010.07.30 03:36:52.559,0.6221,0.6224,7.20,2.40
2010.07.30 03:36:54.850,0.6221,0.62235,6.40,1.00
2010.07.30 03:36:55.089,0.62205,0.62235,8.80,1.00
2010.07.30 03:36:55.328,0.62205,0.62235,7.20,2.40
2010.07.30 03:37:02.898,0.62205,0.62235,7.20,1.60
2010.07.30 03:37:04.900,0.62205,0.62235,7.20,2.40
2010.07.30 03:37:05.168,0.62205,0.6224,8.80,4.00
2010.07.30 03:37:06.109,0.62205,0.6224,8.80,3.20
2010.07.30 03:37:08.070,0.62205,0.62235,8.80,1.00
2010.07.30 03:37:09.129,0.6221,0.62235,1.00,1.60
2010.07.30 03:37:09.359,0.6221,0.6224,1.00,2.40
2010.07.30 03:37:09.591,0.6221,0.6224,7.20,2.40
2010.07.30 03:37:09.819,0.6221,0.6224,6.40,3.20
2010.07.30 03:37:10.781,0.62205,0.6224,8.80,3.20
2010.07.30 03:37:13.751,0.62205,0.62235,8.80,1.00
2010.07.30 03:37:14.317,0.62205,0.62235,7.20,2.40
2010.07.30 03:37:20.977,0.62205,0.62235,4.00,2.40
2010.07.30 03:37:46.732,0.62205,0.62235,4.00,1.60
2010.07.30 03:37:46.850,0.62205,0.62235,4.00,2.40
2010.07.30 03:37:47.199,0.62205,0.62235,4.00,1.60
2010.07.30 03:37:47.338,0.62205,0.62235,7.20,1.60
2010.07.30 03:37:47.602,0.62205,0.62235,7.20,2.40
2010.07.30 03:37:48.370,0.62205,0.62235,4.00,2.40
2010.07.30 03:37:50.299,0.62205,0.62235,4.00,1.60
2010.07.30 03:37:50.459,0.62205,0.62235,4.00,2.40
2010.07.30 03:37:52.370,0.62205,0.62235,7.20,1.60
2010.07.30 03:37:53.047,0.62205,0.6224,8.80,3.20
2010.07.30 03:37:54.049,0.62205,0.62235,7.20,1.60
2010.07.30 03:37:54.391,0.62205,0.62235,4.00,2.40
2010.07.30 03:38:02.311,0.6221,0.62235,1.00,1.60
2010.07.30 03:38:02.370,0.62205,0.62235,7.20,1.60
2010.07.30 03:38:02.438,0.62205,0.62235,4.00,1.60
2010.07.30 03:38:02.559,0.62205,0.62235,4.00,2.40
2010.07.30 03:38:02.688,0.62205,0.62235,7.20,2.40
2010.07.30 03:38:02.868,0.62205,0.62235,4.00,2.40
2010.07.30 03:38:09.871,0.62205,0.62235,3.20,3.20
2010.07.30 03:38:10.280,0.622,0.6223,7.20,1.00
2010.07.30 03:38:10.490,0.622,0.62235,5.20,3.20
2010.07.30 03:38:10.700,0.62205,0.62235,3.20,2.40
2010.07.30 03:38:11.799,0.62205,0.6223,3.20,2.40
2010.07.30 03:38:12.005,0.62195,0.62225,8.00,1.00
2010.07.30 03:38:12.089,0.62195,0.6222,8.00,1.00
2010.07.30 03:38:12.170,0.6219,0.6222,6.40,3.20
2010.07.30 03:38:12.331,0.6219,0.62215,6.40,1.00
2010.07.30 03:38:13.292,0.62185,0.62215,7.20,1.60
2010.07.30 03:38:14.309,0.6219,0.6222,3.20,3.60
2010.07.30 03:38:15.058,0.6219,0.6222,3.20,3.20
2010.07.30 03:38:17.191,0.6219,0.62215,3.20,1.00
2010.07.30 03:38:17.290,0.62185,0.62215,4.80,1.00
2010.07.30 03:38:17.388,0.62185,0.62215,1.60,1.00
2010.07.30 03:38:18.023,0.6218,0.62215,7.20,2.40
2010.07.30 03:39:01.721,0.62185,0.62215,7.20,1.60
2010.07.30 03:39:10.100,0.62185,0.62215,8.00,1.60
2010.07.30 03:39:10.237,0.62185,0.6222,9.60,3.60
2010.07.30 03:39:10.370,0.6219,0.6222,3.20,3.20
2010.07.30 03:39:13.401,0.6219,0.6222,4.80,2.40
2010.07.30 03:39:13.487,0.6219,0.62225,4.80,3.60
2010.07.30 03:39:13.670,0.6219,0.62225,6.40,3.60
2010.07.30 03:39:13.847,0.6219,0.62225,10.00,4.00
2010.07.30 03:39:17.498,0.6219,0.6222,9.20,1.00
2010.07.30 03:39:17.605,0.6219,0.6222,8.80,1.00
2010.07.30 03:39:17.693,0.6219,0.6222,4.00,1.00
2010.07.30 03:39:17.738,0.6219,0.6222,1.00,1.00
2010.07.30 03:39:39.150,0.6219,0.62225,1.60,4.00
2010.07.30 03:39:39.560,0.6219,0.62225,6.80,3.20
2010.07.30 03:39:39.899,0.62195,0.62225,1.60,1.00
2010.07.30 03:39:45.073,0.62195,0.62225,2.40,1.00
2010.07.30 03:39:50.701,0.62195,0.62225,1.60,1.60
2010.07.30 03:39:50.959,0.6219,0.62225,6.40,4.00
2010.07.30 03:39:51.553,0.6219,0.62225,4.00,4.00
2010.07.30 03:39:51.878,0.6219,0.62225,1.00,4.00
2010.07.30 03:39:58.501,0.62185,0.6222,10.80,1.00
2010.07.30 03:39:58.698,0.62185,0.6222,10.40,1.00
2010.07.30 03:39:58.900,0.62185,0.6222,5.60,3.20
2010.07.30 03:40:05.579,0.6219,0.6222,1.00,3.20
2010.07.30 03:40:06.339,0.62185,0.6222,9.20,4.00
2010.07.30 03:40:07.202,0.62185,0.6222,5.60,6.40
2010.07.30 03:40:07.411,0.62185,0.6222,2.40,6.40
2010.07.30 03:40:08.630,0.62185,0.62215,1.60,1.00
2010.07.30 03:40:09.492,0.6218,0.62205,3.20,1.00
2010.07.30 03:40:09.780,0.62175,0.62205,2.40,1.00
2010.07.30 03:40:10.816,0.62175,0.6221,2.40,4.00
2010.07.30 03:40:11.162,0.62175,0.6221,8.80,3.20
2010.07.30 03:40:11.500,0.6218,0.62215,1.00,3.60
2010.07.30 03:40:12.211,0.6218,0.62215,1.00,3.20
2010.07.30 03:40:29.799,0.62185,0.62215,1.00,2.40
2010.07.30 03:40:30.563,0.62185,0.62215,1.00,1.60
2010.07.30 03:40:33.590,0.62185,0.62215,4.00,1.60
2010.07.30 03:40:40.190,0.62185,0.62215,3.20,2.40
2010.07.30 03:40:40.283,0.62185,0.62215,4.00,1.60
2010.07.30 03:40:40.541,0.6219,0.62215,1.00,1.60
2010.07.30 03:40:41.533,0.6219,0.62225,1.00,4.00
2010.07.30 03:40:44.359,0.62195,0.62225,1.00,3.20
2010.07.30 03:41:31.788,0.62195,0.62225,1.00,2.40
2010.07.30 03:41:34.778,0.6219,0.6222,10.80,1.60
2010.07.30 03:41:34.972,0.6219,0.6222,3.20,4.40
2010.07.30 03:41:35.170,0.62185,0.6222,2.40,6.80
2010.07.30 03:41:36.616,0.6219,0.6222,1.00,1.00
2010.07.30 03:42:06.998,0.62185,0.6222,10.00,1.60
2010.07.30 03:42:07.139,0.62185,0.62215,8.00,1.00
2010.07.30 03:42:07.280,0.62185,0.62215,1.60,1.00
2010.07.30 03:42:07.419,0.6218,0.62215,7.20,2.40
2010.07.30 03:42:08.292,0.62185,0.62215,1.00,1.60
2010.07.30 03:42:09.169,0.62185,0.62215,4.00,1.60
2010.07.30 03:42:09.469,0.62185,0.6222,5.60,2.00
2010.07.30 03:42:10.368,0.62185,0.6222,10.00,1.00
2010.07.30 03:42:12.247,0.6218,0.62215,10.40,2.40
2010.07.30 03:42:16.101,0.62185,0.6222,10.00,1.00
2010.07.30 03:42:34.387,0.62185,0.6222,10.80,1.00
2010.07.30 03:42:34.402,0.6219,0.6222,3.20,1.00
2010.07.30 03:42:37.795,0.6219,0.6222,4.00,1.00
2010.07.30 03:42:37.932,0.6219,0.62225,8.00,2.40
2010.07.30 03:42:48.758,0.6219,0.62225,8.80,2.40
2010.07.30 03:42:48.998,0.6219,0.62225,9.20,2.40
2010.07.30 03:43:02.800,0.6219,0.62225,8.40,2.40
2010.07.30 03:43:03.026,0.6219,0.62225,8.00,2.40
2010.07.30 03:43:11.878,0.62195,0.62225,3.20,2.40
2010.07.30 03:43:11.968,0.62195,0.62225,6.40,2.40
2010.07.30 03:43:12.330,0.62195,0.62225,7.20,1.60
2010.07.30 03:43:30.810,0.62195,0.6223,8.80,1.00
2010.07.30 03:43:55.230,0.622,0.62235,1.00,4.40
2010.07.30 03:43:55.408,0.622,0.62235,4.00,4.40
2010.07.30 03:43:57.550,0.622,0.6223,3.20,1.00
2010.07.30 03:43:57.678,0.62195,0.6223,8.80,1.00
2010.07.30 03:44:02.608,0.622,0.62235,1.00,4.40
2010.07.30 03:44:02.819,0.622,0.62235,4.00,4.40
2010.07.30 03:44:03.819,0.622,0.6223,4.00,2.40
2010.07.30 03:44:03.968,0.622,0.62235,4.00,6.00
2010.07.30 03:44:04.121,0.622,0.6223,3.20,1.00
2010.07.30 03:44:04.538,0.62195,0.6223,8.80,1.00
2010.07.30 03:44:12.152,0.622,0.62235,1.00,4.40
2010.07.30 03:44:12.609,0.622,0.62235,4.00,3.60
2010.07.30 03:44:13.811,0.62195,0.6223,8.80,1.00
2010.07.30 03:44:18.803,0.62195,0.62225,4.00,1.60
2010.07.30 03:44:18.973,0.6219,0.62225,9.20,2.40
2010.07.30 03:44:19.530,0.62195,0.62225,4.00,1.60
2010.07.30 03:44:19.749,0.62195,0.62225,7.20,1.60
2010.07.30 03:44:20.592,0.622,0.62225,1.00,1.60
2010.07.30 03:44:21.390,0.622,0.62225,7.20,1.60
2010.07.30 03:44:26.298,0.622,0.62235,7.20,3.20
2010.07.30 03:44:28.221,0.622,0.62235,4.00,3.20
2010.07.30 03:44:29.670,0.622,0.62235,7.20,3.20
2010.07.30 03:44:48.699,0.622,0.62235,4.00,3.20
2010.07.30 03:44:58.630,0.622,0.62235,4.00,6.40
2010.07.30 03:44:58.701,0.62195,0.62225,1.60,1.00
2010.07.30 03:45:08.512,0.62195,0.6223,2.40,3.60
2010.07.30 03:45:08.628,0.62195,0.6223,2.40,1.20
2010.07.30 03:45:08.739,0.62195,0.6223,5.60,1.00
2010.07.30 03:45:08.848,0.62195,0.6223,8.80,1.00
2010.07.30 03:45:21.525,0.62195,0.6223,5.60,1.00
2010.07.30 03:45:21.989,0.62195,0.6223,8.80,1.00
2010.07.30 03:45:34.348,0.622,0.62235,1.00,4.40
2010.07.30 03:45:34.454,0.622,0.62235,4.00,4.40
2010.07.30 03:45:38.928,0.6221,0.62235,1.00,2.80
2010.07.30 03:45:38.988,0.6221,0.62235,1.00,1.20
2010.07.30 03:45:39.183,0.6221,0.6224,1.00,1.60
2010.07.30 03:45:42.025,0.6221,0.6224,2.00,1.00
2010.07.30 03:45:42.142,0.6221,0.6224,3.60,1.00
2010.07.30 03:45:42.705,0.6221,0.62245,3.60,5.60
2010.07.30 03:45:42.938,0.62215,0.6225,7.20,4.80
2010.07.30 03:45:43.159,0.62215,0.6225,10.40,1.60
2010.07.30 03:45:45.911,0.6222,0.6225,1.00,1.00
2010.07.30 03:45:46.059,0.6222,0.62255,1.00,3.20
2010.07.30 03:45:46.712,0.6222,0.62255,4.00,3.20
2010.07.30 03:45:47.056,0.6222,0.62255,7.20,3.20
2010.07.30 03:45:47.939,0.6222,0.62255,1.00,3.20
2010.07.30 03:45:50.001,0.6223,0.62255,1.00,2.40
2010.07.30 03:45:50.260,0.6223,0.6226,1.00,4.80
2010.07.30 03:45:50.521,0.62225,0.6226,5.60,2.80
2010.07.30 03:45:51.198,0.6223,0.6226,1.00,2.00
2010.07.30 03:45:51.534,0.6223,0.6226,1.00,1.00
2010.07.30 03:45:52.012,0.62225,0.62255,5.20,1.00
2010.07.30 03:45:52.824,0.6222,0.62255,1.00,2.40
2010.07.30 03:45:53.070,0.62215,0.6225,12.00,1.00
2010.07.30 03:45:53.883,0.62215,0.6225,4.00,1.00
2010.07.30 03:45:54.113,0.62215,0.6225,10.40,1.00
2010.07.30 03:46:01.522,0.6222,0.62255,1.00,3.20
2010.07.30 03:46:02.089,0.62215,0.6225,10.40,1.00
2010.07.30 03:46:02.954,0.62215,0.62245,1.60,1.00
2010.07.30 03:46:06.960,0.62215,0.6224,1.60,1.00
2010.07.30 03:46:07.801,0.6221,0.6224,1.00,1.00
2010.07.30 03:46:09.881,0.6221,0.6224,4.00,1.00
2010.07.30 03:46:09.979,0.6221,0.6224,7.20,1.00
2010.07.30 03:46:11.040,0.6221,0.6224,6.40,1.00
2010.07.30 03:46:11.229,0.62205,0.6224,8.80,1.00
2010.07.30 03:46:15.941,0.6221,0.6224,1.00,1.00
2010.07.30 03:46:17.446,0.6221,0.6224,7.20,1.00
2010.07.30 03:46:17.852,0.6221,0.6224,4.00,1.00
2010.07.30 03:46:26.474,0.62215,0.6224,1.60,1.00
2010.07.30 03:46:26.928,0.6221,0.6224,4.00,1.00
2010.07.30 03:46:29.289,0.6221,0.6224,1.00,1.00
2010.07.30 03:47:00.979,0.6221,0.62245,1.60,2.80
2010.07.30 03:47:01.239,0.6221,0.62245,2.00,2.40
2010.07.30 03:47:01.369,0.6221,0.62245,5.20,2.40
2010.07.30 03:47:05.404,0.6221,0.6224,4.00,1.00
2010.07.30 03:47:05.560,0.6221,0.6224,1.00,1.00
2010.07.30 03:47:11.582,0.62205,0.6224,9.20,1.00
2010.07.30 03:47:12.212,0.62205,0.6224,8.80,1.00
2010.07.30 03:47:14.823,0.6221,0.6224,1.00,1.00
2010.07.30 03:47:14.999,0.62205,0.6224,8.80,1.00
2010.07.30 03:47:21.109,0.62205,0.6224,5.60,1.00
2010.07.30 03:47:28.271,0.6221,0.62245,1.00,9.20
2010.07.30 03:47:28.860,0.6221,0.62245,1.00,6.00
2010.07.30 03:47:29.144,0.62215,0.62245,1.00,5.20
2010.07.30 03:47:29.423,0.62215,0.62245,1.00,2.40
2010.07.30 03:47:34.330,0.6221,0.62245,7.60,3.20
2010.07.30 03:47:34.479,0.6221,0.62245,4.40,3.20
2010.07.30 03:47:34.620,0.6221,0.62245,4.00,5.20
2010.07.30 03:47:34.699,0.6221,0.62245,1.00,5.20
2010.07.30 03:47:35.650,0.62205,0.62235,11.60,1.00
2010.07.30 03:47:36.533,0.62205,0.6224,5.60,1.00
2010.07.30 03:47:36.689,0.62205,0.6224,8.80,1.00
2010.07.30 03:47:38.069,0.62205,0.6224,5.60,1.00
2010.07.30 03:47:38.742,0.6221,0.62245,1.00,8.40
2010.07.30 03:47:38.902,0.62215,0.62245,1.00,2.40
2010.07.30 03:47:39.061,0.62215,0.62245,1.00,1.60
2010.07.30 03:47:47.850,0.62215,0.6225,2.40,2.80
2010.07.30 03:47:49.971,0.6222,0.6225,1.00,1.60
2010.07.30 03:47:53.428,0.6222,0.6225,1.00,1.00
2010.07.30 03:47:54.137,0.6221,0.62245,4.00,2.40
2010.07.30 03:47:58.132,0.62215,0.62245,1.00,1.60
2010.07.30 03:48:01.362,0.6221,0.62245,7.20,2.40
2010.07.30 03:48:01.491,0.6221,0.62245,4.00,2.40
2010.07.30 03:48:01.780,0.6221,0.6224,3.20,1.00
2010.07.30 03:48:02.350,0.62205,0.6224,8.80,1.00
2010.07.30 03:48:13.862,0.62205,0.6224,9.60,1.00
2010.07.30 03:48:14.089,0.62205,0.6224,10.00,1.00
2010.07.30 03:48:20.004,0.6221,0.62245,1.00,2.80
2010.07.30 03:48:20.072,0.6221,0.62245,1.00,4.40
2010.07.30 03:48:20.131,0.6221,0.62245,1.00,4.00
2010.07.30 03:48:26.089,0.6221,0.62245,4.00,4.00
2010.07.30 03:48:26.359,0.6221,0.62245,4.00,2.40
2010.07.30 03:48:26.628,0.6221,0.62245,7.20,2.40
2010.07.30 03:48:28.180,0.6221,0.6224,6.40,1.60
2010.07.30 03:48:28.213,0.6221,0.6224,3.20,1.60
2010.07.30 03:48:28.275,0.62205,0.6224,7.60,1.60
2010.07.30 03:48:28.311,0.62205,0.6224,7.60,2.40
2010.07.30 03:48:28.894,0.62205,0.6224,6.00,2.40
2010.07.30 03:48:28.924,0.62205,0.62235,5.60,1.00
2010.07.30 03:48:43.253,0.6221,0.62235,1.00,1.00
2010.07.30 03:48:44.483,0.6221,0.6224,1.20,1.00
2010.07.30 03:48:44.632,0.62215,0.62245,1.00,5.60
2010.07.30 03:48:45.241,0.62215,0.62245,1.00,2.40
2010.07.30 03:49:04.872,0.62215,0.62245,1.20,1.60
2010.07.30 03:49:06.011,0.62215,0.62245,7.60,1.60
2010.07.30 03:49:08.702,0.62215,0.62245,6.80,2.40
2010.07.30 03:49:08.770,0.62215,0.62245,3.60,2.40
2010.07.30 03:49:09.358,0.62215,0.62245,1.00,4.00
2010.07.30 03:49:16.042,0.6221,0.62245,6.00,4.00
2010.07.30 03:49:16.318,0.6221,0.62245,4.40,4.00
2010.07.30 03:49:20.429,0.6221,0.62245,1.20,4.00
2010.07.30 03:49:27.269,0.6221,0.62245,4.40,4.00
2010.07.30 03:49:37.223,0.6222,0.62245,1.00,3.20
2010.07.30 03:49:37.410,0.6222,0.6225,1.00,4.00
2010.07.30 03:49:37.599,0.6222,0.6225,1.00,1.00
2010.07.30 03:49:42.993,0.6222,0.6225,1.20,1.00
2010.07.30 03:50:21.922,0.62225,0.62255,1.00,2.80
2010.07.30 03:50:22.082,0.62225,0.62255,1.20,1.60
2010.07.30 03:50:22.783,0.62225,0.6226,2.80,2.40
2010.07.30 03:50:39.424,0.6223,0.6226,1.00,2.40
2010.07.30 03:50:48.970,0.6223,0.62255,1.00,3.20
2010.07.30 03:50:49.251,0.62225,0.62255,1.00,6.00
2010.07.30 03:50:50.221,0.62225,0.62255,1.00,5.20
2010.07.30 03:50:50.391,0.62225,0.62255,1.00,2.40
2010.07.30 03:50:50.881,0.62225,0.62255,1.20,1.60
2010.07.30 03:50:51.050,0.6223,0.62255,1.00,1.60
2010.07.30 03:50:51.220,0.6223,0.6226,1.00,2.80
2010.07.30 03:50:51.561,0.6223,0.62255,1.00,1.00
2010.07.30 03:50:52.642,0.6223,0.6226,1.00,2.40
2010.07.30 03:50:52.814,0.6223,0.62255,1.00,1.00
2010.07.30 03:50:53.231,0.6223,0.6226,1.00,2.80
2010.07.30 03:50:53.420,0.6223,0.6226,1.00,2.40
2010.07.30 03:50:54.203,0.6223,0.6226,1.00,2.80
2010.07.30 03:50:54.392,0.6223,0.6226,1.00,2.40
2010.07.30 03:50:54.530,0.6223,0.6226,1.00,2.80
2010.07.30 03:50:54.810,0.6223,0.62255,1.00,1.00
2010.07.30 03:50:54.951,0.6223,0.6226,1.00,2.40
2010.07.30 03:50:55.892,0.6223,0.6226,1.00,3.20
2010.07.30 03:50:56.181,0.6223,0.62255,1.00,1.60
2010.07.30 03:50:56.476,0.62225,0.62255,1.00,6.00
2010.07.30 03:50:57.032,0.62225,0.62255,1.00,5.20
2010.07.30 03:50:57.230,0.62225,0.62255,1.00,2.40
2010.07.30 03:50:59.202,0.62225,0.62255,1.00,3.20
2010.07.30 03:50:59.400,0.62225,0.62255,1.00,6.00
2010.07.30 03:51:06.181,0.62225,0.62255,1.20,4.40
2010.07.30 03:51:06.321,0.6223,0.62255,1.00,1.60
2010.07.30 03:51:06.460,0.6223,0.6226,1.00,2.40
2010.07.30 03:51:08.989,0.62225,0.6226,2.80,2.40
2010.07.30 03:51:24.910,0.62225,0.62255,2.00,1.00
2010.07.30 03:51:27.170,0.62225,0.62255,1.00,2.40
2010.07.30 03:51:28.804,0.62225,0.62255,1.00,3.20
2010.07.30 03:51:28.967,0.6222,0.62255,9.20,3.60
2010.07.30 03:51:29.120,0.6222,0.62255,7.60,5.20
2010.07.30 03:51:29.283,0.6222,0.62255,1.20,5.20
2010.07.30 03:51:35.442,0.6222,0.62255,2.00,4.40
2010.07.30 03:51:35.650,0.6222,0.62255,2.00,2.80
2010.07.30 03:51:36.281,0.62225,0.62255,1.00,2.40
2010.07.30 03:51:38.254,0.62225,0.62255,1.00,3.20
2010.07.30 03:51:38.590,0.6222,0.62255,2.80,5.20
2010.07.30 03:51:38.729,0.6222,0.62255,1.20,5.20
2010.07.30 03:51:43.684,0.6222,0.62255,2.80,5.20
2010.07.30 03:51:44.329,0.6222,0.62255,7.60,5.20
2010.07.30 03:51:44.393,0.6223,0.62255,1.00,2.40
2010.07.30 03:51:44.900,0.6223,0.62255,1.00,1.60
2010.07.30 03:51:45.010,0.6223,0.62255,2.00,1.60
2010.07.30 03:51:45.111,0.62235,0.62255,1.00,1.60
2010.07.30 03:51:46.310,0.62235,0.62265,1.00,2.40
2010.07.30 03:51:52.321,0.62235,0.62265,1.20,1.60
2010.07.30 03:51:52.954,0.6224,0.62275,1.20,12.40
2010.07.30 03:51:53.200,0.6224,0.62275,1.20,9.20
2010.07.30 03:51:54.514,0.6224,0.62275,1.20,6.00
2010.07.30 03:52:04.624,0.6224,0.62265,1.00,1.00
2010.07.30 03:52:05.236,0.6223,0.6226,1.00,1.00
2010.07.30 03:52:06.371,0.6223,0.62265,1.20,4.40
2010.07.30 03:52:06.653,0.62235,0.62265,1.00,2.40
2010.07.30 03:52:09.910,0.62235,0.6226,1.00,1.00
2010.07.30 03:52:10.514,0.6223,0.6226,3.60,1.00
2010.07.30 03:52:10.803,0.6223,0.6226,1.00,1.00
2010.07.30 03:52:37.741,0.6223,0.6226,2.80,1.00
2010.07.30 03:52:37.850,0.62235,0.62265,1.20,2.40
2010.07.30 03:52:37.962,0.62235,0.62265,1.20,1.60
2010.07.30 03:52:38.070,0.62235,0.6227,2.80,7.60
2010.07.30 03:52:38.180,0.62235,0.6227,2.80,4.40
2010.07.30 03:52:43.615,0.6224,0.62275,1.20,9.20
2010.07.30 03:52:46.031,0.6224,0.62275,1.20,6.00
2010.07.30 03:52:47.420,0.62245,0.62275,1.00,6.00
2010.07.30 03:52:47.979,0.6224,0.62275,1.20,6.00
2010.07.30 03:52:49.770,0.6224,0.62275,1.20,9.20
2010.07.30 03:53:11.272,0.6224,0.62275,1.20,6.00
2010.07.30 03:53:47.699,0.6224,0.6227,1.00,1.60
2010.07.30 03:53:47.770,0.62235,0.6227,4.40,2.00
2010.07.30 03:53:47.840,0.62235,0.62265,1.00,1.00
2010.07.30 03:53:48.507,0.6223,0.62265,13.20,2.40
2010.07.30 03:53:48.584,0.6223,0.62265,1.20,4.00
2010.07.30 03:54:04.425,0.62235,0.62265,1.20,1.60
2010.07.30 03:54:04.633,0.6224,0.62265,1.00,1.60
2010.07.30 03:54:04.721,0.6224,0.6227,1.00,6.00
2010.07.30 03:54:04.741,0.6224,0.6227,1.00,2.80
2010.07.30 03:54:05.678,0.6224,0.6227,1.20,2.40
2010.07.30 03:54:08.350,0.6224,0.6227,2.00,1.60
2010.07.30 03:54:08.449,0.62245,0.62275,1.00,4.00
2010.07.30 03:54:09.353,0.62245,0.6227,1.00,2.40
2010.07.30 03:54:09.510,0.6224,0.6227,1.20,2.40
2010.07.30 03:54:11.623,0.6224,0.6227,2.00,1.60
2010.07.30 03:54:11.930,0.6224,0.62275,3.60,4.00
2010.07.30 03:54:12.090,0.62245,0.62275,1.60,2.40
2010.07.30 03:54:19.901,0.6224,0.62275,6.80,4.00
2010.07.30 03:54:24.423,0.62245,0.62275,1.00,3.20
2010.07.30 03:54:24.626,0.62245,0.62275,2.40,1.60
2010.07.30 03:54:24.639,0.62245,0.6228,4.00,3.60
2010.07.30 03:54:24.649,0.62245,0.6228,4.00,2.80
2010.07.30 03:54:25.422,0.62245,0.6228,4.40,2.40
2010.07.30 03:54:34.853,0.62245,0.62275,3.60,1.00
2010.07.30 03:54:35.081,0.62245,0.62275,1.60,2.40
2010.07.30 03:54:35.210,0.6224,0.62275,6.00,4.80
2010.07.30 03:54:35.812,0.6224,0.62275,2.80,4.80
2010.07.30 03:54:36.154,0.6224,0.62275,1.20,5.20
2010.07.30 03:54:40.069,0.6224,0.62275,2.00,4.00
2010.07.30 03:54:40.300,0.6224,0.62275,3.60,4.00
2010.07.30 03:54:40.760,0.6224,0.62275,6.80,4.00
2010.07.30 03:54:44.032,0.6224,0.62275,3.60,4.00
2010.07.30 03:54:47.090,0.6224,0.62275,2.80,4.80
2010.07.30 03:54:47.771,0.6224,0.62275,1.00,8.40
2010.07.30 03:54:48.652,0.6224,0.62275,1.60,7.60
2010.07.30 03:54:48.790,0.6224,0.62275,3.60,7.20
2010.07.30 03:54:49.011,0.6224,0.62275,3.60,4.00
2010.07.30 03:55:20.461,0.6224,0.62275,1.20,5.20
2010.07.30 03:56:03.373,0.6224,0.62275,2.00,4.40
2010.07.30 03:56:04.021,0.6224,0.62275,3.60,4.00
2010.07.30 03:56:05.772,0.62245,0.62275,1.20,3.20
2010.07.30 03:56:05.963,0.62245,0.62275,2.80,1.60
2010.07.30 03:56:06.791,0.62245,0.6228,4.40,3.20
2010.07.30 03:56:28.501,0.62245,0.62275,2.80,1.60
2010.07.30 03:56:28.641,0.62245,0.62275,2.00,2.40
2010.07.30 03:56:28.782,0.62245,0.62275,2.40,1.60
2010.07.30 03:56:29.633,0.62245,0.6228,4.40,2.40
2010.07.30 03:56:32.423,0.6225,0.6228,1.00,1.60
2010.07.30 03:56:33.106,0.62245,0.6228,4.40,2.40
2010.07.30 03:56:33.373,0.62255,0.62285,2.40,2.40
2010.07.30 03:56:35.006,0.62255,0.6228,1.60,2.40
2010.07.30 03:56:35.283,0.62245,0.6228,4.40,2.40
2010.07.30 03:56:43.060,0.6225,0.6228,1.00,1.60
2010.07.30 03:56:43.767,0.62265,0.62285,1.00,7.60
2010.07.30 03:56:43.852,0.62265,0.62295,1.00,2.40
2010.07.30 03:57:00.673,0.6226,0.62295,1.00,9.20
2010.07.30 03:57:02.170,0.62265,0.62295,1.00,8.40
2010.07.30 03:57:02.250,0.62265,0.62295,2.40,6.40
2010.07.30 03:57:02.862,0.62265,0.62295,2.40,1.00
2010.07.30 03:57:10.500,0.62265,0.62295,4.40,1.00
2010.07.30 03:57:10.581,0.62265,0.623,4.40,3.20
2010.07.30 03:57:13.674,0.6227,0.623,1.00,2.40
2010.07.30 03:57:14.322,0.6227,0.623,1.00,1.60
2010.07.30 03:57:14.486,0.62275,0.62305,1.00,2.40
2010.07.30 03:57:14.642,0.62275,0.62305,1.00,1.60
2010.07.30 03:57:20.163,0.6228,0.62305,1.00,1.60
2010.07.30 03:57:20.600,0.6228,0.6231,1.00,1.60
2010.07.30 03:57:23.791,0.6228,0.6231,1.00,1.00
2010.07.30 03:57:24.341,0.62275,0.6231,2.40,2.00
2010.07.30 03:57:24.621,0.6228,0.6231,1.00,1.00
2010.07.30 03:58:18.361,0.62275,0.62305,2.80,1.00
2010.07.30 03:58:18.731,0.62275,0.62305,2.40,1.00
2010.07.30 03:58:24.653,0.6228,0.6231,1.60,7.60
2010.07.30 03:58:24.922,0.62285,0.6231,1.60,2.40
2010.07.30 03:58:25.677,0.62285,0.6231,1.60,1.00
2010.07.30 03:58:27.401,0.6228,0.62315,3.60,4.80
2010.07.30 03:58:28.693,0.6228,0.6231,1.20,6.40
2010.07.30 03:58:28.802,0.62275,0.62305,2.40,1.00
2010.07.30 03:58:28.901,0.6228,0.6231,1.00,6.80
2010.07.30 03:58:29.204,0.6228,0.62315,1.60,6.80
2010.07.30 03:58:29.402,0.6228,0.62315,2.00,2.40
2010.07.30 03:58:42.554,0.6228,0.62315,5.20,2.40
2010.07.30 03:58:42.743,0.6228,0.62315,2.00,2.40
2010.07.30 03:58:48.183,0.6228,0.62315,2.00,6.40
2010.07.30 03:58:48.402,0.6228,0.6231,1.20,1.00
2010.07.30 03:58:49.206,0.6228,0.6231,1.00,1.00
2010.07.30 03:58:53.363,0.62285,0.62315,1.00,1.60
2010.07.30 03:58:53.701,0.62285,0.6232,2.40,4.00
2010.07.30 03:59:13.600,0.62285,0.6232,2.40,1.00
2010.07.30 03:59:14.800,0.62285,0.6232,2.40,4.00
2010.07.30 03:59:32.737,0.62285,0.6232,2.40,6.40
2010.07.30 03:59:33.015,0.62285,0.62315,2.40,1.60
2010.07.30 03:59:33.293,0.62285,0.62315,1.00,1.60
2010.07.30 03:59:36.708,0.6228,0.62315,6.80,2.40
2010.07.30 03:59:37.043,0.62285,0.62315,1.00,3.20
2010.07.30 03:59:37.788,0.62285,0.62315,1.00,1.60
2010.07.30 03:59:38.483,0.6228,0.62315,6.80,2.40
2010.07.30 03:59:38.791,0.6228,0.62315,1.00,2.40
2010.07.30 03:59:41.592,0.6228,0.6231,1.00,1.00
