2010.07.08 04:00:03.455,0.62415,0.6244,3.60,1.00
2010.07.08 04:00:06.686,0.62415,0.62445,1.00,3.20
2010.07.08 04:00:45.476,0.6241,0.6244,1.00,3.20
2010.07.08 04:00:45.676,0.6241,0.6244,1.00,4.80
2010.07.08 04:00:45.878,0.6241,0.62435,1.00,1.00
2010.07.08 04:00:46.628,0.624,0.6243,2.00,3.20
2010.07.08 04:00:47.576,0.624,0.6243,1.00,3.20
2010.07.08 04:00:49.318,0.624,0.6243,1.00,4.00
2010.07.08 04:00:49.455,0.624,0.62425,1.00,1.00
2010.07.08 04:00:49.595,0.62395,0.62425,1.00,2.40
2010.07.08 04:00:49.737,0.62395,0.6242,1.00,2.40
2010.07.08 04:00:53.219,0.6239,0.6242,1.00,3.20
2010.07.08 04:00:54.408,0.6239,0.6242,1.00,2.40
2010.07.08 04:00:55.250,0.6239,0.6242,1.20,2.40
2010.07.08 04:00:56.067,0.62395,0.62425,1.00,1.00
2010.07.08 04:00:59.986,0.624,0.62425,1.00,1.00
2010.07.08 04:01:00.116,0.624,0.6243,1.00,4.80
2010.07.08 04:01:16.414,0.624,0.6243,1.00,4.00
2010.07.08 04:01:47.645,0.62395,0.6243,2.00,4.00
2010.07.08 04:01:48.304,0.62395,0.6243,2.00,4.80
2010.07.08 04:01:48.500,0.62395,0.62425,1.00,1.00
2010.07.08 04:02:07.526,0.624,0.62425,1.00,1.00
2010.07.08 04:02:08.593,0.62395,0.62425,1.00,1.00
2010.07.08 04:02:09.688,0.6239,0.6242,1.20,2.40
2010.07.08 04:02:11.207,0.6239,0.6242,1.00,3.20
2010.07.08 04:02:11.336,0.6239,0.6242,1.00,4.00
2010.07.08 04:02:22.387,0.62395,0.62425,1.00,1.60
2010.07.08 04:02:22.726,0.62395,0.62425,1.00,1.00
2010.07.08 04:02:27.471,0.62395,0.62425,1.00,2.40
2010.07.08 04:02:27.764,0.6239,0.6242,1.00,4.00
2010.07.08 04:02:33.596,0.62395,0.6242,1.00,1.00
2010.07.08 04:02:33.766,0.62395,0.62425,1.00,1.60
2010.07.08 04:02:35.537,0.62395,0.62425,1.00,4.00
2010.07.08 04:02:40.146,0.62395,0.62425,1.00,3.20
2010.07.08 04:02:43.100,0.6239,0.6242,1.00,4.80
2010.07.08 04:02:44.397,0.62395,0.62415,1.00,1.60
2010.07.08 04:02:44.618,0.6239,0.62415,1.00,2.40
2010.07.08 04:02:47.277,0.6239,0.62415,1.00,1.60
2010.07.08 04:02:47.846,0.6239,0.6242,1.00,5.60
2010.07.08 04:02:49.402,0.62395,0.6242,1.00,1.00
2010.07.08 04:02:50.405,0.6239,0.62415,1.20,1.00
2010.07.08 04:02:51.053,0.6239,0.62415,1.00,2.40
2010.07.08 04:02:53.809,0.6239,0.6242,1.00,5.60
2010.07.08 04:02:57.206,0.6239,0.6242,1.20,5.60
2010.07.08 04:02:57.358,0.62395,0.6242,1.00,1.00
2010.07.08 04:02:58.182,0.62395,0.6242,1.00,4.80
2010.07.08 04:02:58.546,0.6239,0.6242,1.20,5.60
2010.07.08 04:03:00.732,0.62385,0.6242,3.60,5.60
2010.07.08 04:03:01.929,0.62385,0.6242,6.00,1.00
2010.07.08 04:03:03.100,0.62385,0.6242,3.60,1.00
2010.07.08 04:03:03.433,0.62375,0.624,1.00,3.20
2010.07.08 04:03:05.895,0.62375,0.624,1.00,2.40
2010.07.08 04:03:06.157,0.6238,0.6241,1.00,8.00
2010.07.08 04:03:06.946,0.6238,0.6241,1.00,6.40
2010.07.08 04:03:07.289,0.6238,0.6241,1.00,1.00
2010.07.08 04:03:07.972,0.6238,0.62415,1.20,4.80
2010.07.08 04:03:08.826,0.6238,0.62415,1.20,2.40
2010.07.08 04:03:09.167,0.6238,0.62415,1.20,4.80
2010.07.08 04:03:10.675,0.6238,0.6241,1.00,1.00
2010.07.08 04:03:13.976,0.62385,0.6241,1.00,1.00
2010.07.08 04:03:14.126,0.6239,0.62415,1.00,1.00
2010.07.08 04:03:14.277,0.6239,0.62415,1.00,1.00
2010.07.08 04:03:17.909,0.6238,0.62415,4.80,1.00
2010.07.08 04:03:37.228,0.62385,0.62415,1.60,1.00
2010.07.08 04:03:37.509,0.62385,0.6242,3.20,4.00
2010.07.08 04:03:38.080,0.62385,0.6242,3.20,3.20
2010.07.08 04:03:39.371,0.62385,0.6242,4.00,3.20
2010.07.08 04:03:39.966,0.6239,0.6242,1.00,3.20
2010.07.08 04:03:40.227,0.62395,0.6243,1.60,1.00
2010.07.08 04:03:40.557,0.62395,0.6243,1.60,1.00
2010.07.08 04:03:40.729,0.62395,0.6243,2.40,1.00
2010.07.08 04:03:43.864,0.62395,0.6243,2.40,4.80
2010.07.08 04:03:44.077,0.62395,0.6243,2.40,7.20
2010.07.08 04:03:44.193,0.62395,0.6243,2.40,10.40
2010.07.08 04:03:44.889,0.62395,0.6243,2.40,4.80
2010.07.08 04:03:45.911,0.62395,0.6243,4.00,4.80
2010.07.08 04:03:50.885,0.62395,0.6243,4.00,5.60
2010.07.08 04:03:50.944,0.62395,0.6243,2.40,5.60
2010.07.08 04:03:51.217,0.62395,0.6243,1.60,4.80
2010.07.08 04:03:51.497,0.6239,0.62425,3.20,2.40
2010.07.08 04:03:52.198,0.6239,0.6242,1.00,4.80
2010.07.08 04:04:00.215,0.6239,0.62415,1.00,1.00
2010.07.08 04:04:00.924,0.62385,0.62415,1.60,2.40
2010.07.08 04:04:01.270,0.6238,0.6241,1.00,2.40
2010.07.08 04:04:01.607,0.62375,0.6241,1.60,4.00
2010.07.08 04:04:02.285,0.62375,0.6241,1.60,6.40
2010.07.08 04:04:03.808,0.62375,0.6241,1.60,5.60
2010.07.08 04:04:04.118,0.62375,0.6241,1.60,1.00
2010.07.08 04:04:05.028,0.6238,0.62415,1.00,4.00
2010.07.08 04:04:05.176,0.6238,0.62415,1.00,3.20
2010.07.08 04:04:06.350,0.62375,0.6241,1.60,1.00
2010.07.08 04:04:06.989,0.62375,0.6241,2.40,1.00
2010.07.08 04:04:07.546,0.62375,0.6241,4.80,1.00
2010.07.08 04:04:07.906,0.62385,0.6242,1.60,1.60
2010.07.08 04:04:08.248,0.62385,0.62415,1.60,1.00
2010.07.08 04:04:09.878,0.62385,0.6242,1.60,3.20
2010.07.08 04:04:09.976,0.62385,0.6242,1.60,1.00
2010.07.08 04:04:12.985,0.62385,0.6242,1.60,4.00
2010.07.08 04:04:17.367,0.62385,0.6242,4.00,4.00
2010.07.08 04:04:17.517,0.6239,0.62425,1.00,2.40
2010.07.08 04:04:18.039,0.6239,0.62425,2.40,2.40
2010.07.08 04:04:18.188,0.6239,0.6243,8.80,5.60
2010.07.08 04:04:19.177,0.6239,0.6243,8.80,6.40
2010.07.08 04:04:19.375,0.6239,0.62425,7.20,1.00
2010.07.08 04:04:19.577,0.6239,0.62425,2.40,1.60
2010.07.08 04:04:20.349,0.62385,0.6242,1.60,3.20
2010.07.08 04:04:20.527,0.62385,0.6242,1.00,4.80
2010.07.08 04:04:22.985,0.62385,0.6242,1.00,5.60
2010.07.08 04:04:23.238,0.6238,0.62405,4.00,1.00
2010.07.08 04:04:23.499,0.62375,0.62405,3.20,1.00
2010.07.08 04:04:24.258,0.6238,0.6241,1.00,2.40
2010.07.08 04:04:37.768,0.6238,0.62405,1.00,1.00
2010.07.08 04:04:37.965,0.62375,0.62405,1.60,1.00
2010.07.08 04:04:38.156,0.6237,0.62405,5.60,1.00
2010.07.08 04:04:38.545,0.6237,0.62405,5.60,1.60
2010.07.08 04:04:39.661,0.6237,0.62405,3.20,1.60
2010.07.08 04:04:39.967,0.6237,0.62405,1.00,1.60
2010.07.08 04:04:40.457,0.6237,0.62405,3.20,1.60
2010.07.08 04:04:40.560,0.6237,0.62405,4.80,1.60
2010.07.08 04:04:41.993,0.6237,0.624,4.80,1.00
2010.07.08 04:04:48.766,0.6237,0.62405,5.60,2.40
2010.07.08 04:04:49.027,0.62375,0.6241,1.60,6.40
2010.07.08 04:04:49.285,0.62375,0.6241,3.20,5.60
2010.07.08 04:05:18.826,0.62375,0.6241,3.20,3.20
2010.07.08 04:05:19.038,0.6238,0.62415,1.00,3.20
2010.07.08 04:05:34.708,0.6238,0.62415,1.00,2.40
2010.07.08 04:05:34.807,0.6238,0.62415,3.20,1.00
2010.07.08 04:05:34.905,0.6238,0.62415,1.00,1.00
2010.07.08 04:05:35.085,0.6238,0.62415,1.00,3.20
2010.07.08 04:05:38.547,0.62375,0.6241,6.40,1.00
2010.07.08 04:05:38.986,0.62375,0.6241,4.80,3.20
2010.07.08 04:05:40.745,0.62375,0.6241,4.80,1.00
2010.07.08 04:05:40.889,0.62375,0.6241,8.00,1.00
2010.07.08 04:05:40.926,0.62375,0.6241,9.60,1.00
2010.07.08 04:05:40.995,0.62375,0.6241,9.60,1.00
2010.07.08 04:05:41.107,0.62375,0.6241,6.40,1.00
2010.07.08 04:05:41.424,0.62375,0.6241,9.60,1.00
2010.07.08 04:05:49.288,0.62375,0.6241,6.40,1.00
2010.07.08 04:05:52.207,0.62375,0.6241,9.60,1.00
2010.07.08 04:05:58.625,0.62375,0.6241,6.40,1.00
2010.07.08 04:06:00.014,0.62375,0.6241,9.60,1.00
2010.07.08 04:06:03.526,0.6238,0.62415,1.60,3.20
2010.07.08 04:06:04.006,0.6238,0.62415,1.60,1.60
2010.07.08 04:06:04.660,0.6238,0.62415,4.00,1.00
2010.07.08 04:06:04.776,0.6238,0.62415,6.40,1.00
2010.07.08 04:06:05.486,0.6238,0.62415,6.40,1.60
2010.07.08 04:06:05.607,0.6238,0.62415,4.00,1.60
2010.07.08 04:06:05.726,0.6238,0.62415,4.00,3.20
2010.07.08 04:06:06.332,0.6238,0.62415,1.60,3.20
2010.07.08 04:06:21.215,0.62375,0.6241,6.40,1.00
2010.07.08 04:06:23.606,0.62375,0.6241,4.80,3.20
2010.07.08 04:06:23.817,0.62375,0.6241,4.00,4.00
2010.07.08 04:06:26.096,0.62375,0.6241,4.00,1.60
2010.07.08 04:06:26.235,0.62375,0.6241,5.60,1.00
2010.07.08 04:06:36.834,0.62375,0.6241,6.40,1.00
2010.07.08 04:06:36.975,0.62375,0.6241,6.40,1.00
2010.07.08 04:07:08.425,0.62375,0.6241,7.20,1.00
2010.07.08 04:07:08.708,0.6238,0.62415,4.00,1.00
2010.07.08 04:07:11.835,0.6238,0.62415,1.60,1.00
2010.07.08 04:07:11.916,0.6238,0.62415,1.60,3.20
2010.07.08 04:07:12.929,0.62375,0.6241,4.00,1.00
2010.07.08 04:07:13.265,0.62375,0.6241,6.40,1.00
2010.07.08 04:07:17.976,0.62375,0.6241,2.40,3.20
2010.07.08 04:07:18.677,0.62375,0.6241,1.60,5.60
2010.07.08 04:07:21.995,0.62375,0.6241,3.20,5.60
2010.07.08 04:07:22.295,0.62375,0.6241,3.20,4.80
2010.07.08 04:07:24.586,0.62375,0.6241,1.60,2.40
2010.07.08 04:07:24.737,0.62375,0.6241,3.20,1.00
2010.07.08 04:07:25.027,0.62375,0.6241,3.20,1.00
2010.07.08 04:07:27.726,0.62375,0.6241,3.20,4.80
2010.07.08 04:07:27.947,0.62375,0.6241,3.20,5.60
2010.07.08 04:07:29.300,0.62375,0.62405,1.00,1.00
2010.07.08 04:07:29.389,0.6237,0.62405,4.00,1.00
2010.07.08 04:07:38.966,0.6237,0.62405,6.40,1.00
2010.07.08 04:07:39.149,0.62375,0.6241,2.40,5.60
2010.07.08 04:07:39.329,0.62375,0.6241,3.20,5.60
2010.07.08 04:08:29.886,0.62375,0.6241,2.40,5.60
2010.07.08 04:08:30.536,0.62375,0.6241,2.40,4.80
2010.07.08 04:08:30.792,0.6238,0.62415,3.20,5.60
2010.07.08 04:08:30.937,0.6238,0.62415,3.20,3.20
2010.07.08 04:08:32.217,0.62385,0.62415,3.20,1.00
2010.07.08 04:08:32.943,0.62385,0.62415,1.60,1.00
2010.07.08 04:08:35.564,0.62385,0.62415,1.60,2.40
2010.07.08 04:08:35.651,0.62385,0.62415,1.00,2.40
2010.07.08 04:08:35.695,0.6238,0.62415,2.40,2.40
2010.07.08 04:08:35.776,0.6238,0.62415,2.40,1.00
2010.07.08 04:08:35.815,0.6238,0.62415,1.60,1.00
2010.07.08 04:08:36.537,0.6238,0.62415,1.60,1.60
2010.07.08 04:08:41.106,0.6238,0.6241,1.60,2.40
2010.07.08 04:08:41.277,0.62375,0.6241,4.00,3.20
2010.07.08 04:08:42.138,0.62375,0.6241,2.40,4.00
2010.07.08 04:08:42.327,0.62375,0.6241,1.60,4.00
2010.07.08 04:08:45.228,0.62375,0.6241,3.20,4.00
2010.07.08 04:08:49.669,0.62375,0.6241,1.60,5.60
2010.07.08 04:08:49.866,0.6238,0.6241,1.00,4.80
2010.07.08 04:08:54.057,0.6238,0.6241,1.60,4.80
2010.07.08 04:08:55.065,0.6238,0.6241,1.60,3.20
2010.07.08 04:08:55.806,0.62375,0.6241,4.00,4.80
2010.07.08 04:08:56.100,0.62375,0.6241,4.00,5.60
2010.07.08 04:08:56.177,0.62375,0.6241,3.20,5.60
2010.07.08 04:08:56.326,0.62375,0.6241,1.60,5.60
2010.07.08 04:08:56.396,0.62375,0.6241,3.20,4.00
2010.07.08 04:08:56.606,0.62375,0.6241,3.20,3.20
2010.07.08 04:08:59.555,0.62375,0.6241,1.60,4.00
2010.07.08 04:09:01.746,0.62375,0.6241,1.60,4.80
2010.07.08 04:09:02.478,0.62375,0.6241,1.60,7.20
2010.07.08 04:09:02.689,0.62375,0.62405,1.60,1.00
2010.07.08 04:09:02.896,0.62375,0.6241,1.60,4.00
2010.07.08 04:09:05.276,0.62375,0.6241,3.20,3.20
2010.07.08 04:09:06.939,0.6238,0.6241,1.00,4.00
2010.07.08 04:09:07.245,0.6238,0.6241,1.00,2.40
2010.07.08 04:09:07.395,0.62395,0.6241,1.00,2.40
2010.07.08 04:09:13.410,0.62395,0.62415,1.00,2.40
2010.07.08 04:09:13.567,0.62395,0.62415,1.00,1.00
2010.07.08 04:09:13.728,0.62395,0.62415,1.00,1.00
2010.07.08 04:09:13.888,0.62395,0.6242,1.00,1.00
2010.07.08 04:09:17.637,0.62395,0.6242,1.00,1.00
2010.07.08 04:09:17.837,0.62395,0.6242,1.00,4.80
2010.07.08 04:09:18.807,0.62395,0.6242,1.00,5.60
2010.07.08 04:09:24.279,0.62395,0.6242,1.00,6.40
2010.07.08 04:09:24.435,0.62395,0.62415,1.00,2.40
2010.07.08 04:09:24.688,0.62395,0.6241,1.00,2.40
2010.07.08 04:09:25.868,0.62395,0.6241,1.00,4.00
2010.07.08 04:09:26.017,0.62395,0.6241,1.00,5.60
2010.07.08 04:09:29.086,0.62395,0.6241,1.00,4.00
2010.07.08 04:09:29.346,0.62395,0.6241,1.00,3.20
2010.07.08 04:09:33.588,0.62395,0.6241,1.00,5.60
2010.07.08 04:09:51.899,0.62395,0.6241,1.00,4.00
2010.07.08 04:09:54.036,0.62375,0.6241,1.60,4.00
2010.07.08 04:09:56.525,0.62375,0.6241,4.00,4.00
2010.07.08 04:09:56.697,0.62375,0.6241,6.40,1.60
2010.07.08 04:09:56.875,0.62375,0.6241,6.40,1.00
2010.07.08 04:09:57.046,0.62375,0.62415,6.40,3.20
2010.07.08 04:09:59.237,0.62375,0.62415,7.20,3.20
2010.07.08 04:09:59.518,0.6238,0.62415,8.40,1.00
2010.07.08 04:09:59.750,0.62385,0.6242,3.20,3.20
2010.07.08 04:10:00.730,0.62385,0.6242,3.20,2.40
2010.07.08 04:10:02.712,0.62385,0.6242,3.20,2.40
2010.07.08 04:10:04.506,0.62385,0.6242,3.20,3.20
2010.07.08 04:10:04.750,0.62385,0.6242,1.60,4.80
2010.07.08 04:10:04.927,0.62385,0.62415,1.00,2.40
2010.07.08 04:10:05.108,0.6238,0.62415,1.60,2.40
2010.07.08 04:10:06.085,0.6238,0.6241,1.00,3.20
2010.07.08 04:10:07.204,0.62375,0.6241,1.60,4.00
2010.07.08 04:10:07.958,0.62375,0.6241,1.60,4.80
2010.07.08 04:10:08.232,0.6237,0.62405,6.40,1.00
2010.07.08 04:10:17.806,0.6237,0.62405,6.40,1.00
2010.07.08 04:10:18.285,0.6237,0.62405,8.80,1.00
2010.07.08 04:10:26.537,0.6237,0.62405,4.00,1.00
2010.07.08 04:10:26.667,0.6237,0.62405,4.80,1.00
2010.07.08 04:10:26.916,0.6237,0.62405,8.80,1.00
2010.07.08 04:10:27.157,0.6237,0.62405,8.80,1.00
2010.07.08 04:10:27.829,0.6237,0.62405,1.00,1.60
2010.07.08 04:10:28.167,0.6237,0.62405,2.40,1.00
2010.07.08 04:10:28.507,0.62375,0.6241,1.60,5.60
2010.07.08 04:10:28.849,0.62375,0.6241,2.40,3.20
2010.07.08 04:10:30.586,0.6238,0.6241,2.40,1.00
2010.07.08 04:10:31.299,0.6238,0.6241,1.00,1.00
2010.07.08 04:10:31.471,0.6238,0.62415,1.60,3.20
2010.07.08 04:10:33.693,0.6238,0.62415,1.60,1.60
2010.07.08 04:10:33.848,0.6238,0.62415,4.00,1.00
2010.07.08 04:10:34.147,0.6238,0.62415,1.60,1.00
2010.07.08 04:10:34.296,0.6238,0.62415,4.00,1.00
2010.07.08 04:10:46.096,0.6238,0.62415,1.60,1.00
2010.07.08 04:10:46.186,0.6238,0.6241,1.60,2.40
2010.07.08 04:10:46.275,0.6238,0.6241,1.60,3.20
2010.07.08 04:10:46.457,0.6238,0.62415,1.60,3.20
2010.07.08 04:10:48.786,0.6238,0.62415,4.00,1.00
2010.07.08 04:11:03.787,0.6238,0.62415,1.60,3.20
2010.07.08 04:11:06.198,0.6238,0.6241,1.60,1.00
2010.07.08 04:11:07.015,0.6238,0.62415,1.60,3.20
2010.07.08 04:11:07.292,0.62375,0.6241,2.40,3.20
2010.07.08 04:11:07.517,0.62375,0.6241,2.40,4.80
2010.07.08 04:11:07.753,0.62375,0.6241,1.60,5.60
2010.07.08 04:11:09.997,0.62365,0.624,4.00,3.20
2010.07.08 04:11:11.946,0.6237,0.624,1.60,3.20
2010.07.08 04:11:12.288,0.6237,0.62405,5.60,1.00
2010.07.08 04:11:14.038,0.6237,0.624,1.60,2.40
2010.07.08 04:11:14.436,0.6237,0.62405,1.60,1.00
2010.07.08 04:11:15.040,0.6237,0.62405,2.40,1.00
2010.07.08 04:11:17.327,0.6237,0.624,2.40,2.40
2010.07.08 04:11:19.988,0.6237,0.62405,2.40,1.00
2010.07.08 04:11:20.349,0.6237,0.62405,4.00,1.00
2010.07.08 04:11:20.528,0.62375,0.62405,1.00,1.00
2010.07.08 04:11:21.228,0.62375,0.6241,1.60,2.40
2010.07.08 04:11:21.657,0.62375,0.6241,2.40,3.20
2010.07.08 04:11:24.157,0.62375,0.6241,2.40,2.40
2010.07.08 04:11:25.736,0.62375,0.6241,2.40,1.00
2010.07.08 04:11:25.946,0.62375,0.6241,2.40,2.40
2010.07.08 04:11:31.765,0.62375,0.6241,2.40,3.20
2010.07.08 04:11:36.186,0.62375,0.6241,1.60,4.00
2010.07.08 04:11:36.867,0.62375,0.6241,1.60,1.60
2010.07.08 04:11:41.248,0.62375,0.6241,5.60,1.00
2010.07.08 04:11:41.375,0.6238,0.6241,2.40,1.00
2010.07.08 04:11:44.027,0.6238,0.6241,2.40,1.60
2010.07.08 04:11:44.147,0.62375,0.6241,3.20,1.60
2010.07.08 04:11:44.267,0.6238,0.6241,2.40,1.60
2010.07.08 04:11:44.506,0.62375,0.6241,4.00,1.00
2010.07.08 04:11:44.746,0.62375,0.6241,1.60,1.60
2010.07.08 04:11:46.442,0.6238,0.6241,1.00,1.00
2010.07.08 04:11:46.550,0.6238,0.62415,3.20,3.20
2010.07.08 04:11:47.196,0.6238,0.62415,1.00,3.20
2010.07.08 04:11:47.437,0.62375,0.6241,2.40,1.00
2010.07.08 04:11:51.476,0.6238,0.6241,2.40,1.00
2010.07.08 04:11:51.555,0.6238,0.6241,2.40,1.00
2010.07.08 04:11:54.446,0.62375,0.6241,4.80,1.00
2010.07.08 04:11:54.626,0.62375,0.6241,2.40,1.00
2010.07.08 04:11:57.127,0.62375,0.6241,2.40,4.00
2010.07.08 04:11:57.915,0.62375,0.6241,1.60,3.20
2010.07.08 04:11:58.162,0.62375,0.6241,1.60,1.60
2010.07.08 04:11:58.395,0.62375,0.62405,1.00,1.00
2010.07.08 04:11:58.620,0.6237,0.62405,2.40,1.60
2010.07.08 04:11:59.502,0.6236,0.62395,8.00,1.00
2010.07.08 04:11:59.847,0.62365,0.624,1.00,6.40
2010.07.08 04:12:00.186,0.62365,0.624,1.60,5.60
2010.07.08 04:12:01.322,0.6237,0.624,1.00,2.40
2010.07.08 04:12:08.682,0.62365,0.62395,1.60,1.00
2010.07.08 04:12:09.321,0.62365,0.624,1.60,5.20
2010.07.08 04:12:10.185,0.62365,0.624,1.60,5.60
2010.07.08 04:12:10.667,0.62365,0.624,2.40,1.00
2010.07.08 04:12:11.187,0.6237,0.624,1.00,1.00
2010.07.08 04:12:11.450,0.62375,0.6241,3.20,2.40
2010.07.08 04:12:11.746,0.62375,0.6241,4.00,2.40
2010.07.08 04:12:13.127,0.62375,0.6241,3.20,3.20
2010.07.08 04:12:13.368,0.62375,0.6241,1.60,3.20
2010.07.08 04:12:13.609,0.62375,0.6241,1.60,4.00
2010.07.08 04:12:13.849,0.6237,0.62405,12.00,1.00
2010.07.08 04:12:14.600,0.6237,0.62405,8.00,1.00
2010.07.08 04:12:44.570,0.6237,0.62405,8.80,1.00
2010.07.08 04:12:44.801,0.62375,0.62405,1.60,1.00
2010.07.08 04:12:48.238,0.62375,0.6241,4.00,4.00
2010.07.08 04:12:48.349,0.62375,0.6241,4.00,3.20
2010.07.08 04:13:06.334,0.62375,0.6241,5.60,3.20
2010.07.08 04:13:06.350,0.62375,0.6241,3.20,2.40
2010.07.08 04:13:09.969,0.6238,0.6241,1.00,2.40
2010.07.08 04:13:21.019,0.6238,0.62415,4.80,1.60
2010.07.08 04:13:21.157,0.6238,0.62415,4.80,3.20
2010.07.08 04:13:21.297,0.6238,0.62415,5.60,2.40
2010.07.08 04:13:21.438,0.62385,0.62415,1.60,1.00
2010.07.08 04:13:21.577,0.62385,0.62415,2.40,1.00
2010.07.08 04:13:24.097,0.62385,0.62415,1.60,1.00
2010.07.08 04:13:26.417,0.6238,0.62415,6.40,1.00
2010.07.08 04:13:27.194,0.6238,0.62415,4.00,1.00
2010.07.08 04:13:27.442,0.6238,0.62415,4.80,1.00
2010.07.08 04:13:27.652,0.62385,0.62415,1.60,1.00
2010.07.08 04:13:39.372,0.6239,0.6242,4.00,1.00
2010.07.08 04:13:39.536,0.6239,0.62425,4.80,1.60
2010.07.08 04:13:39.616,0.6239,0.62425,4.80,1.00
2010.07.08 04:13:40.558,0.6239,0.62425,2.40,1.60
2010.07.08 04:13:40.887,0.6239,0.62425,2.40,1.00
2010.07.08 04:13:42.958,0.6239,0.62425,3.20,1.00
2010.07.08 04:13:44.391,0.62395,0.6243,1.00,2.40
2010.07.08 04:13:44.641,0.62395,0.6243,1.00,1.60
2010.07.08 04:13:45.140,0.62395,0.6243,1.60,1.00
2010.07.08 04:13:45.399,0.624,0.62435,4.00,1.60
2010.07.08 04:13:45.658,0.62395,0.62435,4.00,1.60
2010.07.08 04:13:46.270,0.62395,0.62435,4.00,2.40
2010.07.08 04:13:46.356,0.62395,0.62435,1.60,2.40
2010.07.08 04:13:48.319,0.62395,0.62435,1.60,3.20
2010.07.08 04:13:48.909,0.62395,0.6243,1.00,1.00
2010.07.08 04:13:49.179,0.62395,0.6243,1.00,5.60
2010.07.08 04:13:54.426,0.62395,0.6243,1.00,4.80
2010.07.08 04:13:54.557,0.62395,0.6243,1.00,1.00
2010.07.08 04:14:08.225,0.62395,0.6243,1.00,1.60
2010.07.08 04:14:08.427,0.62395,0.6243,1.00,3.20
2010.07.08 04:14:08.815,0.62395,0.6243,1.00,5.60
2010.07.08 04:14:14.967,0.62395,0.62425,1.00,1.00
2010.07.08 04:14:22.006,0.6239,0.62425,8.00,1.00
2010.07.08 04:14:22.119,0.6239,0.62425,11.20,1.00
2010.07.08 04:14:22.242,0.62395,0.62425,1.00,1.00
2010.07.08 04:14:22.358,0.62395,0.62425,4.40,1.00
2010.07.08 04:14:22.478,0.624,0.62425,4.00,1.00
2010.07.08 04:14:24.000,0.62395,0.6243,1.60,3.20
2010.07.08 04:14:24.157,0.62395,0.6243,1.00,4.00
2010.07.08 04:14:24.456,0.62395,0.6243,1.60,4.00
2010.07.08 04:14:24.787,0.624,0.6243,1.60,1.60
2010.07.08 04:14:24.937,0.624,0.6243,4.00,1.00
2010.07.08 04:14:28.690,0.6239,0.6242,4.00,1.00
2010.07.08 04:14:29.546,0.6239,0.6242,5.60,1.00
2010.07.08 04:14:29.651,0.624,0.6243,1.60,3.20
2010.07.08 04:14:29.758,0.624,0.6243,1.60,1.00
2010.07.08 04:14:32.499,0.624,0.6243,4.00,1.00
2010.07.08 04:14:36.316,0.62405,0.6243,1.60,1.00
2010.07.08 04:14:37.106,0.624,0.6243,4.00,1.00
2010.07.08 04:14:38.276,0.62405,0.6243,1.60,1.00
2010.07.08 04:14:46.634,0.624,0.6243,7.20,1.00
2010.07.08 04:14:46.879,0.624,0.6243,4.00,1.00
2010.07.08 04:14:54.901,0.624,0.6243,1.60,1.00
2010.07.08 04:14:59.662,0.62395,0.6243,7.20,3.20
2010.07.08 04:14:59.861,0.62395,0.6243,1.60,1.00
2010.07.08 04:15:00.917,0.624,0.62435,1.60,1.60
2010.07.08 04:15:02.572,0.624,0.62435,4.00,1.60
2010.07.08 04:15:02.780,0.624,0.62435,5.60,1.00
2010.07.08 04:15:05.826,0.624,0.62435,6.40,1.00
2010.07.08 04:15:06.445,0.624,0.62435,6.40,1.00
2010.07.08 04:15:08.796,0.62405,0.6244,1.60,5.60
2010.07.08 04:15:14.753,0.62405,0.62435,1.60,1.00
2010.07.08 04:15:14.981,0.62405,0.6243,1.60,2.40
2010.07.08 04:15:15.726,0.62405,0.62435,1.60,1.00
2010.07.08 04:15:16.177,0.62405,0.6244,1.60,8.00
2010.07.08 04:15:16.516,0.62405,0.6244,1.60,5.60
2010.07.08 04:15:17.066,0.62405,0.62435,1.60,1.00
2010.07.08 04:15:17.447,0.62405,0.6244,1.60,8.80
2010.07.08 04:15:18.270,0.62405,0.62435,1.00,1.00
2010.07.08 04:15:18.388,0.624,0.62435,5.60,1.00
2010.07.08 04:15:23.869,0.624,0.62435,1.00,1.60
2010.07.08 04:15:24.212,0.624,0.62435,3.20,1.60
2010.07.08 04:15:24.550,0.624,0.62435,1.00,1.60
2010.07.08 04:15:25.115,0.624,0.62435,3.20,1.60
2010.07.08 04:15:25.461,0.624,0.62435,1.00,1.60
2010.07.08 04:15:26.418,0.624,0.62435,4.80,1.00
2010.07.08 04:15:26.989,0.624,0.62435,2.40,1.00
2010.07.08 04:15:27.129,0.624,0.62435,4.80,1.00
2010.07.08 04:15:41.235,0.624,0.62435,5.60,1.00
2010.07.08 04:15:53.677,0.624,0.6243,4.00,1.60
2010.07.08 04:15:53.787,0.624,0.6243,3.20,1.60
2010.07.08 04:15:54.364,0.624,0.6243,1.00,4.00
2010.07.08 04:15:54.717,0.6239,0.6242,1.00,4.00
2010.07.08 04:15:58.326,0.6239,0.62425,3.20,4.00
2010.07.08 04:15:58.409,0.62395,0.62425,1.00,1.00
2010.07.08 04:15:58.487,0.62395,0.6243,1.00,8.00
2010.07.08 04:16:01.756,0.62395,0.6243,1.00,8.80
2010.07.08 04:16:02.780,0.62395,0.62425,1.00,1.00
2010.07.08 04:16:02.946,0.62395,0.6242,1.00,2.40
2010.07.08 04:16:03.108,0.6239,0.6242,1.00,2.40
2010.07.08 04:16:03.281,0.62385,0.6242,1.60,4.00
2010.07.08 04:16:03.523,0.6238,0.62415,2.40,1.00
2010.07.08 04:16:08.538,0.6238,0.6241,2.40,2.40
2010.07.08 04:16:08.739,0.6238,0.6241,1.60,2.40
2010.07.08 04:16:09.919,0.62375,0.6241,2.40,2.40
2010.07.08 04:16:16.551,0.62375,0.6241,1.60,3.20
2010.07.08 04:16:17.551,0.62375,0.6241,2.40,2.40
2010.07.08 04:16:23.102,0.62375,0.6241,2.40,1.00
2010.07.08 04:16:23.258,0.6238,0.62415,1.60,4.80
2010.07.08 04:16:29.470,0.6238,0.6241,1.60,4.00
2010.07.08 04:16:30.337,0.62375,0.6241,2.40,4.00
2010.07.08 04:16:42.998,0.62375,0.62405,2.40,1.00
2010.07.08 04:16:43.107,0.62375,0.6241,3.20,1.00
2010.07.08 04:16:44.863,0.62375,0.62405,2.40,1.00
2010.07.08 04:16:49.387,0.62375,0.62405,1.60,1.00
2010.07.08 04:16:49.828,0.62375,0.6241,2.40,1.60
2010.07.08 04:16:50.610,0.62375,0.62405,1.60,1.00
2010.07.08 04:16:58.737,0.62375,0.624,1.60,2.40
2010.07.08 04:16:58.999,0.62375,0.624,1.00,2.40
2010.07.08 04:16:59.266,0.6237,0.624,4.00,2.40
2010.07.08 04:17:04.641,0.6237,0.624,2.40,2.40
2010.07.08 04:17:08.397,0.6237,0.624,3.20,1.60
2010.07.08 04:17:08.526,0.6237,0.624,4.80,1.00
2010.07.08 04:17:08.657,0.6237,0.624,5.60,1.00
2010.07.08 04:17:08.787,0.6237,0.624,6.40,1.00
2010.07.08 04:17:08.917,0.62375,0.62405,1.00,1.60
2010.07.08 04:17:09.256,0.62375,0.62405,1.00,1.00
2010.07.08 04:17:34.254,0.62375,0.6241,2.40,6.40
2010.07.08 04:17:34.500,0.62375,0.6241,2.40,2.40
2010.07.08 04:17:34.740,0.62375,0.6241,3.20,1.60
2010.07.08 04:17:45.537,0.6238,0.6241,2.40,1.60
2010.07.08 04:17:45.869,0.6238,0.6241,3.20,1.60
2010.07.08 04:17:49.429,0.62385,0.6241,1.00,1.60
2010.07.08 04:17:59.417,0.6238,0.6241,1.00,1.60
2010.07.08 04:18:01.170,0.6238,0.6241,1.20,1.60
2010.07.08 04:18:01.397,0.6238,0.6241,1.00,1.60
2010.07.08 04:18:06.416,0.6238,0.6241,3.60,1.60
2010.07.08 04:18:07.312,0.6238,0.6241,4.40,1.00
2010.07.08 04:18:09.047,0.62385,0.6241,1.00,1.00
2010.07.08 04:18:21.411,0.62385,0.6241,1.20,1.00
2010.07.08 04:18:21.669,0.62385,0.6241,2.00,1.00
2010.07.08 04:18:31.370,0.62385,0.6241,2.00,1.60
2010.07.08 04:18:31.616,0.62385,0.62405,2.00,1.60
2010.07.08 04:18:31.737,0.6238,0.62405,2.80,1.60
2010.07.08 04:18:42.966,0.6238,0.6241,3.60,1.00
2010.07.08 04:18:43.200,0.62385,0.62415,2.00,2.40
2010.07.08 04:18:43.459,0.6239,0.62415,1.00,2.40
2010.07.08 04:18:47.296,0.62385,0.62415,2.00,2.40
2010.07.08 04:18:57.667,0.62385,0.62415,1.20,2.40
2010.07.08 04:19:04.477,0.62385,0.6241,1.20,1.00
2010.07.08 04:19:05.218,0.6238,0.6241,2.80,1.00
2010.07.08 04:19:05.417,0.6238,0.6241,2.00,1.00
2010.07.08 04:19:06.527,0.6238,0.62405,1.20,1.60
2010.07.08 04:19:06.687,0.62375,0.62405,2.80,2.40
2010.07.08 04:19:06.989,0.62375,0.62405,2.00,2.40
2010.07.08 04:19:07.156,0.62375,0.62405,1.60,2.40
2010.07.08 04:19:08.851,0.62375,0.624,1.60,1.00
2010.07.08 04:19:08.963,0.62375,0.62405,1.60,2.80
2010.07.08 04:19:09.081,0.6237,0.62405,6.80,2.80
2010.07.08 04:19:09.188,0.62375,0.62405,1.00,2.40
2010.07.08 04:19:09.818,0.62375,0.62405,2.00,2.40
2010.07.08 04:19:10.168,0.6238,0.6241,1.20,2.00
2010.07.08 04:19:16.567,0.6238,0.62405,1.00,1.00
2010.07.08 04:19:17.230,0.6238,0.62405,1.00,2.40
2010.07.08 04:19:26.118,0.62375,0.62405,2.80,2.40
2010.07.08 04:19:26.317,0.62375,0.62405,2.00,2.40
2010.07.08 04:19:35.288,0.62375,0.62405,1.60,2.40
2010.07.08 04:19:36.871,0.62375,0.62405,1.60,3.20
2010.07.08 04:19:37.253,0.62375,0.62405,1.60,3.60
2010.07.08 04:19:47.726,0.62375,0.62405,1.00,3.60
2010.07.08 04:19:48.250,0.6237,0.62405,7.20,3.60
2010.07.08 04:19:48.877,0.6237,0.62405,7.20,3.60
2010.07.08 04:19:57.562,0.6237,0.624,1.60,1.60
2010.07.08 04:19:58.300,0.6237,0.624,2.40,1.00
2010.07.08 04:19:58.471,0.6237,0.62405,4.40,3.60
2010.07.08 04:19:58.641,0.6237,0.62405,7.20,3.60
2010.07.08 04:19:59.938,0.6237,0.624,7.20,6.40
2010.07.08 04:20:00.138,0.6237,0.6239,2.00,2.40
2010.07.08 04:20:00.339,0.6237,0.62395,1.00,1.00
2010.07.08 04:20:00.538,0.62365,0.624,3.20,3.20
2010.07.08 04:20:00.738,0.62365,0.624,3.20,1.60
2010.07.08 04:20:07.940,0.62365,0.6239,1.60,1.00
2010.07.08 04:20:08.040,0.6236,0.6239,2.40,1.00
2010.07.08 04:20:10.401,0.6236,0.62395,3.20,1.20
2010.07.08 04:20:10.658,0.6236,0.62395,6.40,1.00
2010.07.08 04:20:13.267,0.6236,0.62385,5.60,1.00
2010.07.08 04:20:13.307,0.6236,0.62385,4.80,1.00
2010.07.08 04:20:13.347,0.6236,0.62385,4.00,1.00
2010.07.08 04:20:13.388,0.6236,0.62385,3.20,1.00
2010.07.08 04:20:14.006,0.6236,0.62385,1.00,1.00
2010.07.08 04:20:14.688,0.62355,0.62385,2.40,1.00
2010.07.08 04:20:22.639,0.62355,0.62385,1.60,1.60
2010.07.08 04:20:23.110,0.62355,0.62385,1.60,2.00
2010.07.08 04:20:23.150,0.62355,0.62385,1.00,2.00
2010.07.08 04:20:23.978,0.62355,0.6239,1.60,6.00
2010.07.08 04:20:25.950,0.62355,0.62385,1.00,1.00
2010.07.08 04:20:26.291,0.62355,0.6238,1.00,1.00
2010.07.08 04:20:26.955,0.6235,0.6238,4.00,1.00
2010.07.08 04:20:27.138,0.6235,0.6238,2.40,1.60
2010.07.08 04:20:27.351,0.6235,0.62375,2.40,1.00
2010.07.08 04:20:27.558,0.62345,0.62375,2.40,1.00
2010.07.08 04:20:27.767,0.6235,0.6238,2.40,1.60
2010.07.08 04:20:29.184,0.6235,0.62385,4.80,2.80
2010.07.08 04:20:29.498,0.6235,0.6238,3.20,1.00
2010.07.08 04:20:29.820,0.6235,0.62385,1.60,3.60
2010.07.08 04:20:30.139,0.6235,0.62385,5.60,2.80
2010.07.08 04:20:39.210,0.62355,0.62385,1.00,1.60
2010.07.08 04:20:40.129,0.62355,0.62385,2.40,1.00
2010.07.08 04:20:42.818,0.62355,0.6238,1.60,1.00
2010.07.08 04:20:42.948,0.62355,0.62385,1.60,2.00
2010.07.08 04:20:51.562,0.62355,0.62385,2.40,1.20
2010.07.08 04:20:52.413,0.62355,0.6239,2.40,4.40
2010.07.08 04:20:52.759,0.62355,0.6239,3.20,1.00
2010.07.08 04:21:23.560,0.62355,0.62385,2.40,1.00
2010.07.08 04:21:23.773,0.62355,0.6238,2.40,1.00
2010.07.08 04:21:23.858,0.62355,0.6238,1.60,1.00
2010.07.08 04:21:24.099,0.62355,0.6238,1.00,1.00
2010.07.08 04:21:24.438,0.6235,0.6238,1.00,1.00
2010.07.08 04:21:25.679,0.6235,0.6238,1.60,1.00
2010.07.08 04:21:32.030,0.62355,0.62385,1.60,1.20
2010.07.08 04:21:32.728,0.62355,0.62385,1.60,1.00
2010.07.08 04:21:32.742,0.62355,0.62385,1.00,1.00
2010.07.08 04:21:33.428,0.62355,0.62385,1.00,1.60
2010.07.08 04:21:37.147,0.6235,0.6238,5.20,1.00
2010.07.08 04:21:37.337,0.6235,0.6238,1.60,1.60
2010.07.08 04:21:37.457,0.6235,0.6238,1.00,1.60
2010.07.08 04:21:41.102,0.62355,0.6238,1.00,1.00
2010.07.08 04:21:41.357,0.62355,0.62385,1.00,2.80
2010.07.08 04:21:42.079,0.62355,0.62385,2.40,1.00
2010.07.08 04:21:42.311,0.62355,0.6239,3.20,1.60
2010.07.08 04:21:42.538,0.62355,0.6239,4.00,1.60
2010.07.08 04:21:42.770,0.6236,0.6238,1.00,1.00
2010.07.08 04:21:43.000,0.62355,0.6238,1.60,1.60
2010.07.08 04:21:43.229,0.6235,0.6238,1.00,2.00
2010.07.08 04:21:43.842,0.62345,0.6238,2.40,2.00
2010.07.08 04:21:44.160,0.62345,0.6238,2.40,5.20
2010.07.08 04:21:49.011,0.62345,0.6238,2.40,3.60
2010.07.08 04:21:52.547,0.6235,0.6238,1.00,2.80
2010.07.08 04:21:52.637,0.6235,0.6238,3.20,2.40
2010.07.08 04:21:52.727,0.6235,0.6238,4.80,2.40
2010.07.08 04:21:54.942,0.62355,0.6238,1.60,1.60
2010.07.08 04:21:55.003,0.62355,0.6239,4.00,4.00
2010.07.08 04:21:55.616,0.6236,0.6239,2.40,4.00
2010.07.08 04:21:55.669,0.6236,0.6239,1.60,4.00
2010.07.08 04:21:55.828,0.62355,0.6239,4.00,4.00
2010.07.08 04:21:55.879,0.62355,0.62385,3.20,1.00
2010.07.08 04:21:56.792,0.6236,0.6239,4.80,1.00
2010.07.08 04:21:57.129,0.62365,0.62395,1.60,1.60
2010.07.08 04:22:02.275,0.62365,0.62395,2.40,1.00
2010.07.08 04:22:02.398,0.62365,0.62395,1.60,1.60
2010.07.08 04:22:09.955,0.6236,0.6239,2.40,1.60
2010.07.08 04:22:10.083,0.62355,0.6239,1.60,10.00
2010.07.08 04:22:10.299,0.62355,0.6239,1.60,8.40
2010.07.08 04:22:10.409,0.62355,0.6239,1.60,6.80
2010.07.08 04:22:10.522,0.6235,0.62375,1.00,1.00
2010.07.08 04:22:10.629,0.62345,0.62375,6.40,1.60
2010.07.08 04:22:11.194,0.62345,0.62375,3.20,1.60
2010.07.08 04:22:11.552,0.62345,0.6238,3.60,1.60
2010.07.08 04:22:13.402,0.6234,0.62375,5.20,1.60
2010.07.08 04:22:14.267,0.6234,0.62375,4.40,2.40
2010.07.08 04:22:14.407,0.6234,0.62375,4.00,2.80
2010.07.08 04:22:14.751,0.6234,0.62375,4.80,2.00
2010.07.08 04:22:15.089,0.6234,0.62375,2.40,2.00
2010.07.08 04:22:16.287,0.6234,0.62375,4.80,2.00
2010.07.08 04:22:18.604,0.6234,0.62375,5.60,1.20
2010.07.08 04:22:18.829,0.6234,0.62375,6.40,1.00
2010.07.08 04:22:19.530,0.6234,0.62375,5.60,1.60
2010.07.08 04:22:19.800,0.6234,0.62375,4.80,2.00
2010.07.08 04:22:20.334,0.6234,0.62375,4.00,2.80
2010.07.08 04:22:24.058,0.62345,0.62375,1.00,2.00
2010.07.08 04:22:24.512,0.62345,0.62375,1.60,1.00
2010.07.08 04:22:27.512,0.62345,0.62375,1.60,1.60
2010.07.08 04:22:27.653,0.62345,0.62375,1.60,2.00
2010.07.08 04:22:31.218,0.62345,0.62365,1.60,1.00
2010.07.08 04:22:31.520,0.62335,0.62365,2.40,1.00
2010.07.08 04:22:33.590,0.62335,0.6236,1.60,1.00
2010.07.08 04:22:33.770,0.62335,0.6236,1.00,1.00
2010.07.08 04:22:34.128,0.6233,0.6236,2.40,1.00
2010.07.08 04:22:36.239,0.6233,0.62355,1.60,1.00
2010.07.08 04:22:36.353,0.62325,0.62355,4.00,1.00
2010.07.08 04:22:42.481,0.62325,0.62355,3.20,1.60
2010.07.08 04:22:42.718,0.62325,0.62355,1.60,2.00
2010.07.08 04:22:46.161,0.62325,0.62355,2.40,1.20
2010.07.08 04:22:46.380,0.62325,0.62355,2.40,1.00
2010.07.08 04:22:47.077,0.62325,0.62355,3.20,1.00
2010.07.08 04:22:51.211,0.62325,0.62355,2.40,1.60
2010.07.08 04:22:51.480,0.62325,0.62355,1.00,2.00
2010.07.08 04:22:53.088,0.62325,0.62355,1.00,1.00
2010.07.08 04:22:55.871,0.62325,0.6236,1.60,8.40
2010.07.08 04:22:56.087,0.62325,0.6236,1.60,3.60
2010.07.08 04:22:56.287,0.62325,0.6236,2.40,3.60
2010.07.08 04:22:59.389,0.6233,0.6236,5.20,1.00
2010.07.08 04:23:00.322,0.62335,0.62365,1.00,1.00
2010.07.08 04:23:00.999,0.62335,0.6236,1.00,1.00
2010.07.08 04:23:01.238,0.6233,0.6236,4.00,1.00
2010.07.08 04:23:02.582,0.6233,0.6236,3.20,1.00
2010.07.08 04:23:02.768,0.6233,0.6236,1.00,1.00
2010.07.08 04:23:08.747,0.6232,0.6235,5.60,1.00
2010.07.08 04:23:10.226,0.6232,0.62355,6.40,3.60
2010.07.08 04:23:10.569,0.6232,0.62355,6.40,2.00
2010.07.08 04:23:11.105,0.6232,0.62355,6.40,1.60
2010.07.08 04:23:45.028,0.6232,0.62355,6.40,1.00
2010.07.08 04:23:45.371,0.6233,0.6236,2.40,1.60
2010.07.08 04:23:45.711,0.6233,0.6236,4.80,1.00
2010.07.08 04:23:46.841,0.62335,0.6236,1.60,1.00
2010.07.08 04:23:54.827,0.62335,0.62365,1.60,1.20
2010.07.08 04:23:55.458,0.62335,0.62365,1.60,1.00
2010.07.08 04:23:55.733,0.62335,0.6236,1.60,1.00
2010.07.08 04:23:58.653,0.6234,0.6236,2.40,1.00
2010.07.08 04:23:58.819,0.6234,0.6237,2.40,1.60
2010.07.08 04:24:00.230,0.6234,0.6237,3.20,1.60
2010.07.08 04:24:00.468,0.6234,0.6237,3.20,2.00
2010.07.08 04:24:06.389,0.6234,0.6237,3.20,1.20
2010.07.08 04:24:06.507,0.6234,0.6237,4.00,1.00
2010.07.08 04:24:06.618,0.6234,0.6237,3.20,1.00
2010.07.08 04:24:06.728,0.6234,0.6237,4.00,1.00
2010.07.08 04:24:07.290,0.6234,0.62375,4.80,6.80
2010.07.08 04:24:07.608,0.6234,0.62375,4.80,2.80
2010.07.08 04:24:08.181,0.6234,0.62375,2.40,2.80
2010.07.08 04:24:08.380,0.6234,0.62375,4.80,2.80
2010.07.08 04:24:11.401,0.6234,0.6237,4.00,1.00
2010.07.08 04:24:11.550,0.6234,0.62365,4.00,1.00
2010.07.08 04:24:12.276,0.6234,0.62365,1.00,1.00
2010.07.08 04:24:12.380,0.62335,0.62365,1.60,1.00
2010.07.08 04:24:13.728,0.62335,0.6237,2.40,2.00
2010.07.08 04:24:13.847,0.6234,0.6237,2.40,1.60
2010.07.08 04:24:14.595,0.62335,0.62365,2.40,1.00
2010.07.08 04:24:14.719,0.62335,0.62365,1.60,1.00
2010.07.08 04:24:20.308,0.62335,0.62365,2.40,1.00
2010.07.08 04:24:20.489,0.6234,0.6237,3.20,1.00
2010.07.08 04:24:34.128,0.6234,0.62375,4.00,6.00
2010.07.08 04:24:34.247,0.6234,0.62375,4.00,3.60
2010.07.08 04:24:34.367,0.6234,0.62375,4.00,1.60
2010.07.08 04:24:36.877,0.62345,0.62375,1.00,1.00
2010.07.08 04:24:37.119,0.62345,0.62375,1.00,1.00
2010.07.08 04:24:37.883,0.6235,0.6238,1.00,2.00
2010.07.08 04:24:37.951,0.6235,0.6238,4.80,1.00
2010.07.08 04:24:38.127,0.6235,0.6238,5.60,1.00
2010.07.08 04:24:39.391,0.6235,0.6238,4.80,1.00
2010.07.08 04:24:51.872,0.6235,0.62375,4.80,1.00
2010.07.08 04:24:52.561,0.6235,0.62375,1.00,1.00
2010.07.08 04:25:14.885,0.6235,0.62375,1.60,1.00
2010.07.08 04:25:20.140,0.6235,0.62375,1.00,2.00
2010.07.08 04:25:25.357,0.6235,0.62375,1.00,1.00
2010.07.08 04:25:25.698,0.6235,0.6238,4.00,3.60
2010.07.08 04:25:26.543,0.6235,0.6238,1.60,3.60
2010.07.08 04:25:26.738,0.6235,0.6238,1.00,3.60
2010.07.08 04:25:27.757,0.6235,0.6238,1.60,3.60
2010.07.08 04:25:33.307,0.6235,0.6238,1.00,3.60
2010.07.08 04:25:33.357,0.62345,0.6238,3.60,3.60
2010.07.08 04:25:34.767,0.62345,0.6238,4.00,3.60
2010.07.08 04:25:47.957,0.62345,0.6238,4.40,3.60
2010.07.08 04:25:48.097,0.6235,0.6238,1.00,3.60
2010.07.08 04:25:48.299,0.6235,0.6238,1.60,3.60
2010.07.08 04:26:24.738,0.6235,0.62375,1.60,1.60
2010.07.08 04:26:25.567,0.62345,0.62375,2.40,2.00
2010.07.08 04:26:57.667,0.62345,0.62375,1.60,2.00
2010.07.08 04:27:16.048,0.62345,0.62375,2.00,2.00
2010.07.08 04:27:17.038,0.62345,0.62375,1.20,2.00
2010.07.08 04:27:26.017,0.62345,0.62375,1.00,2.00
2010.07.08 04:27:26.407,0.62345,0.62375,1.20,2.00
2010.07.08 04:27:36.878,0.62345,0.62375,2.00,2.00
2010.07.08 04:27:40.319,0.62345,0.6237,1.60,1.00
2010.07.08 04:27:40.524,0.62345,0.62365,1.00,1.20
2010.07.08 04:27:41.474,0.6234,0.62365,1.00,1.20
2010.07.08 04:27:41.738,0.62335,0.62365,2.00,1.20
2010.07.08 04:27:41.990,0.6234,0.62365,1.00,1.00
2010.07.08 04:27:49.032,0.6234,0.62365,1.20,1.00
2010.07.08 04:27:49.158,0.6234,0.62365,2.00,1.00
2010.07.08 04:28:02.205,0.62335,0.6236,1.60,1.60
2010.07.08 04:28:02.359,0.62335,0.62365,1.60,2.80
2010.07.08 04:28:02.523,0.62335,0.62365,1.60,1.20
2010.07.08 04:28:02.679,0.6234,0.62365,1.00,1.00
2010.07.08 04:28:04.378,0.6234,0.62365,1.20,1.00
2010.07.08 04:28:04.898,0.6234,0.6237,1.20,5.20
2010.07.08 04:28:05.030,0.6234,0.6237,2.00,1.00
2010.07.08 04:28:07.981,0.6234,0.62365,2.00,1.00
2010.07.08 04:28:17.140,0.6234,0.62365,1.20,1.00
2010.07.08 04:28:17.474,0.62335,0.62365,2.00,1.00
2010.07.08 04:28:21.883,0.6234,0.62365,1.00,1.00
2010.07.08 04:28:32.157,0.62335,0.62365,2.00,1.00
2010.07.08 04:28:32.670,0.62335,0.6237,2.80,6.00
2010.07.08 04:28:32.989,0.6234,0.6237,2.80,1.60
2010.07.08 04:28:33.347,0.6234,0.6237,2.80,3.20
2010.07.08 04:28:34.777,0.6234,0.6237,3.60,2.40
2010.07.08 04:28:35.039,0.6234,0.6237,4.80,1.00
2010.07.08 04:28:35.601,0.6234,0.6237,5.60,1.00
2010.07.08 04:28:35.843,0.62335,0.62365,1.20,1.00
2010.07.08 04:28:36.878,0.6234,0.62365,1.00,1.00
2010.07.08 04:28:54.388,0.6234,0.6237,1.00,6.00
2010.07.08 04:28:54.459,0.6234,0.6237,2.80,3.60
2010.07.08 04:28:54.518,0.6234,0.6237,3.60,1.00
2010.07.08 04:28:54.549,0.6234,0.6237,4.40,1.00
2010.07.08 04:28:54.706,0.6234,0.6237,4.40,2.40
2010.07.08 04:28:55.771,0.6234,0.6237,4.00,2.40
2010.07.08 04:28:56.115,0.6234,0.6237,4.80,1.60
2010.07.08 04:28:56.463,0.6234,0.6237,4.00,2.40
2010.07.08 04:29:00.521,0.6234,0.6237,5.60,1.60
2010.07.08 04:29:00.858,0.6234,0.62375,5.60,1.00
2010.07.08 04:29:01.711,0.62345,0.62375,1.60,1.00
2010.07.08 04:29:15.099,0.62345,0.6238,3.20,3.20
2010.07.08 04:29:16.018,0.62345,0.62375,2.40,1.00
2010.07.08 04:29:16.690,0.62345,0.6238,2.40,6.00
2010.07.08 04:29:16.884,0.6235,0.6238,1.00,2.40
2010.07.08 04:29:17.140,0.62345,0.6238,5.60,2.40
2010.07.08 04:29:17.391,0.62345,0.6238,2.40,5.60
2010.07.08 04:29:17.642,0.62345,0.62375,2.40,1.00
2010.07.08 04:29:17.890,0.62345,0.62375,1.60,1.00
2010.07.08 04:29:30.798,0.6234,0.62375,6.40,1.00
2010.07.08 04:29:32.548,0.6234,0.62375,5.60,1.00
2010.07.08 04:29:45.890,0.62345,0.6238,3.20,2.40
2010.07.08 04:29:46.739,0.62345,0.6238,1.60,2.40
2010.07.08 04:30:10.269,0.62345,0.6238,2.40,2.40
2010.07.08 04:30:32.740,0.62345,0.6238,4.00,2.40
2010.07.08 04:30:33.019,0.62345,0.6238,2.40,2.40
2010.07.08 04:30:33.123,0.62345,0.6238,4.00,2.40
2010.07.08 04:30:33.158,0.62345,0.6238,2.40,2.40
2010.07.08 04:30:33.753,0.62345,0.6238,4.00,2.40
2010.07.08 04:30:34.509,0.62345,0.62375,2.40,1.00
2010.07.08 04:30:34.680,0.6234,0.62375,8.80,1.00
2010.07.08 04:30:35.650,0.6234,0.62375,6.40,1.00
2010.07.08 04:30:41.801,0.6234,0.62375,5.60,1.00
2010.07.08 04:30:45.488,0.6234,0.62375,6.40,1.00
2010.07.08 04:30:54.710,0.6235,0.6238,1.00,6.40
2010.07.08 04:30:54.731,0.6235,0.6238,1.00,4.00
2010.07.08 04:30:54.800,0.6235,0.6238,1.00,2.40
2010.07.08 04:30:54.845,0.6235,0.62385,3.20,12.40
2010.07.08 04:30:54.903,0.6235,0.62385,3.20,9.20
2010.07.08 04:30:55.109,0.6235,0.62385,3.20,6.00
2010.07.08 04:30:55.258,0.6235,0.62385,3.20,3.60
2010.07.08 04:30:55.833,0.6235,0.6238,3.20,1.00
2010.07.08 04:30:58.342,0.6235,0.62385,4.00,2.80
2010.07.08 04:30:58.679,0.6235,0.62385,4.80,1.00
2010.07.08 04:31:02.564,0.62355,0.6239,2.40,2.40
2010.07.08 04:31:02.790,0.62355,0.6239,3.20,2.40
2010.07.08 04:31:03.020,0.62355,0.62385,2.40,1.00
2010.07.08 04:31:03.250,0.6235,0.62385,4.80,1.00
2010.07.08 04:31:47.371,0.6235,0.6238,4.00,1.00
2010.07.08 04:31:47.650,0.6235,0.6238,3.20,1.00
2010.07.08 04:31:49.003,0.6235,0.6238,2.40,1.00
2010.07.08 04:31:49.249,0.62345,0.6238,1.60,1.00
2010.07.08 04:32:11.191,0.6235,0.6238,1.00,1.00
2010.07.08 04:32:11.481,0.6235,0.6238,3.20,1.00
2010.07.08 04:32:41.012,0.6235,0.62385,4.00,2.80
2010.07.08 04:32:41.124,0.6235,0.62385,4.00,1.20
2010.07.08 04:32:41.220,0.6235,0.62385,4.80,1.00
2010.07.08 04:32:54.184,0.62355,0.6239,3.20,2.40
2010.07.08 04:32:59.488,0.6236,0.62395,4.00,2.00
2010.07.08 04:33:04.111,0.6236,0.6239,3.20,1.00
2010.07.08 04:33:04.299,0.6236,0.6239,2.40,2.40
2010.07.08 04:33:04.430,0.62355,0.6239,3.20,2.40
2010.07.08 04:33:09.592,0.6236,0.6239,1.00,1.60
2010.07.08 04:33:09.704,0.6236,0.6239,3.20,1.60
2010.07.08 04:33:09.762,0.6236,0.62395,4.80,2.80
2010.07.08 04:33:09.819,0.6236,0.62395,5.60,2.40
2010.07.08 04:33:09.919,0.62365,0.62395,1.60,1.60
2010.07.08 04:33:09.961,0.6237,0.62395,2.40,1.60
2010.07.08 04:33:09.981,0.6237,0.624,2.40,2.80
2010.07.08 04:33:10.564,0.6237,0.624,2.40,2.40
2010.07.08 04:33:12.910,0.6237,0.624,3.20,1.60
2010.07.08 04:33:13.100,0.62375,0.62405,1.60,1.60
2010.07.08 04:33:15.413,0.62375,0.62405,1.00,2.40
2010.07.08 04:33:15.755,0.6237,0.62405,5.60,2.40
2010.07.08 04:33:20.219,0.6237,0.62405,4.80,2.40
2010.07.08 04:33:28.068,0.6237,0.624,4.80,1.00
2010.07.08 04:33:30.709,0.62375,0.624,1.60,1.00
2010.07.08 04:33:34.311,0.62375,0.62405,1.60,2.80
2010.07.08 04:33:34.569,0.62375,0.62405,1.60,2.40
2010.07.08 04:33:42.151,0.62375,0.624,1.60,1.00
2010.07.08 04:33:42.381,0.62375,0.62395,1.60,1.00
2010.07.08 04:33:42.610,0.6237,0.62395,1.60,1.00
2010.07.08 04:33:49.190,0.6237,0.624,1.60,2.40
2010.07.08 04:33:56.819,0.6237,0.62395,1.60,1.00
2010.07.08 04:33:57.625,0.6237,0.62395,1.00,2.40
2010.07.08 04:33:57.917,0.62365,0.62395,1.60,1.00
2010.07.08 04:34:08.592,0.62365,0.6239,1.60,1.00
2010.07.08 04:34:09.352,0.62365,0.6239,1.60,2.40
2010.07.08 04:34:10.383,0.62365,0.6239,1.60,3.20
2010.07.08 04:34:10.449,0.62365,0.6239,1.60,2.40
2010.07.08 04:34:11.386,0.62365,0.6239,1.00,3.60
2010.07.08 04:34:17.458,0.6236,0.6239,1.00,3.60
2010.07.08 04:34:22.071,0.6236,0.62385,1.00,1.60
2010.07.08 04:34:22.320,0.62355,0.62385,1.60,1.60
2010.07.08 04:34:24.569,0.62355,0.6239,2.40,6.80
2010.07.08 04:34:24.769,0.62355,0.6239,2.40,4.40
2010.07.08 04:34:24.838,0.62355,0.6239,4.00,4.40
2010.07.08 04:34:25.630,0.6236,0.6239,1.00,3.60
2010.07.08 04:34:25.973,0.6236,0.6239,4.80,2.40
2010.07.08 04:34:26.650,0.62365,0.6239,1.60,2.40
2010.07.08 04:34:29.309,0.62365,0.6239,1.60,3.20
2010.07.08 04:34:29.429,0.6236,0.6239,4.80,3.60
2010.07.08 04:34:29.549,0.6236,0.6239,2.40,3.60
2010.07.08 04:34:36.153,0.6236,0.62385,1.60,2.40
2010.07.08 04:34:39.462,0.6236,0.62385,1.60,1.60
2010.07.08 04:34:40.060,0.6236,0.6239,1.60,3.60
2010.07.08 04:34:50.303,0.6236,0.62385,1.60,1.00
2010.07.08 04:34:50.933,0.62355,0.6239,4.80,3.60
2010.07.08 04:34:55.352,0.62355,0.62385,4.00,1.00
2010.07.08 04:34:55.629,0.62355,0.62385,3.20,1.60
2010.07.08 04:34:55.768,0.62355,0.6239,4.80,3.60
2010.07.08 04:35:06.840,0.62355,0.62385,3.20,1.00
2010.07.08 04:35:07.134,0.62355,0.62385,1.60,2.40
2010.07.08 04:35:08.194,0.6235,0.6238,2.40,1.00
2010.07.08 04:35:08.351,0.6235,0.6238,1.60,3.20
2010.07.08 04:35:08.509,0.6235,0.6238,1.00,6.00
2010.07.08 04:35:10.883,0.62345,0.6237,1.00,1.00
2010.07.08 04:35:11.216,0.62335,0.62365,3.20,1.00
2010.07.08 04:35:11.603,0.6234,0.6237,2.40,2.40
2010.07.08 04:35:12.294,0.6234,0.62375,5.60,2.00
2010.07.08 04:35:12.601,0.6234,0.62375,6.40,2.00
2010.07.08 04:35:12.910,0.62345,0.62375,1.00,2.00
2010.07.08 04:35:14.878,0.6234,0.62375,6.40,2.00
2010.07.08 04:35:41.447,0.6234,0.62375,6.40,1.60
2010.07.08 04:35:41.509,0.6234,0.62375,6.40,1.00
2010.07.08 04:35:44.858,0.6234,0.6237,5.60,1.00
2010.07.08 04:35:44.869,0.6234,0.6237,6.40,1.00
2010.07.08 04:35:44.883,0.62345,0.6237,1.00,1.00
2010.07.08 04:35:45.100,0.6234,0.6237,3.20,1.00
2010.07.08 04:35:45.121,0.6234,0.6237,1.60,2.40
2010.07.08 04:35:46.231,0.6234,0.6237,1.60,1.00
2010.07.08 04:35:53.898,0.6234,0.62375,2.40,2.80
2010.07.08 04:35:53.963,0.62345,0.62375,1.00,1.20
2010.07.08 04:35:54.081,0.62345,0.62375,1.00,1.00
2010.07.08 04:35:54.337,0.62345,0.62375,1.60,1.00
2010.07.08 04:35:55.018,0.62345,0.6238,2.40,2.80
2010.07.08 04:35:58.772,0.62345,0.62375,2.40,1.00
2010.07.08 04:36:03.654,0.62345,0.62375,1.60,1.60
2010.07.08 04:36:03.882,0.62345,0.62375,1.00,2.00
2010.07.08 04:36:11.443,0.6234,0.62375,7.20,2.00
2010.07.08 04:36:11.659,0.6234,0.6237,6.40,1.00
2010.07.08 04:36:11.880,0.6234,0.6237,1.60,3.20
2010.07.08 04:36:12.101,0.62335,0.62365,1.60,7.20
2010.07.08 04:36:12.319,0.62335,0.62365,1.60,9.60
2010.07.08 04:36:12.629,0.62335,0.6236,1.60,3.20
2010.07.08 04:36:13.770,0.62335,0.6236,2.40,3.20
2010.07.08 04:36:14.092,0.6234,0.62365,1.00,8.80
2010.07.08 04:36:14.249,0.6234,0.62365,1.00,3.20
2010.07.08 04:36:14.409,0.6234,0.6237,1.00,9.60
2010.07.08 04:36:14.719,0.6234,0.6237,1.00,6.40
2010.07.08 04:36:14.869,0.6234,0.6237,1.00,4.00
2010.07.08 04:36:17.761,0.6234,0.6237,1.60,3.20
2010.07.08 04:36:17.944,0.6234,0.62375,6.40,2.00
2010.07.08 04:36:34.440,0.62345,0.62375,2.40,1.20
2010.07.08 04:36:35.118,0.62345,0.62375,2.40,1.00
2010.07.08 04:36:42.070,0.62345,0.6237,2.40,1.00
2010.07.08 04:36:42.803,0.62345,0.62375,2.40,1.00
2010.07.08 04:37:01.955,0.62335,0.62365,4.80,1.00
2010.07.08 04:37:02.292,0.6233,0.62365,4.00,1.60
2010.07.08 04:37:03.830,0.62325,0.6236,1.60,1.00
2010.07.08 04:37:04.144,0.6232,0.62345,3.20,1.00
2010.07.08 04:37:04.833,0.62315,0.6235,1.60,9.60
2010.07.08 04:37:05.021,0.62315,0.6235,1.60,1.60
2010.07.08 04:37:05.209,0.62315,0.6235,1.60,2.40
2010.07.08 04:37:05.809,0.62315,0.6235,2.40,2.40
2010.07.08 04:37:06.009,0.62315,0.6235,2.40,1.60
2010.07.08 04:37:09.363,0.62315,0.6235,3.20,1.60
2010.07.08 04:37:09.493,0.62315,0.6235,3.20,1.00
2010.07.08 04:37:09.538,0.6232,0.6235,1.00,1.00
2010.07.08 04:37:36.442,0.6232,0.62355,4.80,1.60
2010.07.08 04:37:36.763,0.6232,0.6235,1.60,1.00
2010.07.08 04:39:29.843,0.6232,0.62345,1.60,1.00
2010.07.08 04:39:29.928,0.6232,0.62345,1.00,1.00
2010.07.08 04:39:29.996,0.62315,0.62345,3.20,1.00
2010.07.08 04:39:30.383,0.62315,0.6235,3.20,1.20
2010.07.08 04:39:31.320,0.62315,0.6235,3.20,1.00
2010.07.08 04:39:55.603,0.62315,0.62345,3.20,1.00
2010.07.08 04:40:01.289,0.62315,0.6235,3.20,1.20
2010.07.08 04:40:01.550,0.62315,0.6235,3.20,1.00
2010.07.08 04:40:03.528,0.62325,0.6235,1.00,1.00
2010.07.08 04:40:12.336,0.62325,0.62355,1.60,1.00
2010.07.08 04:40:16.392,0.62325,0.6235,1.60,1.00
2010.07.08 04:40:45.579,0.6232,0.62345,2.40,1.00
2010.07.08 04:40:47.770,0.62315,0.62345,3.20,1.00
2010.07.08 04:40:48.645,0.6232,0.62355,2.40,1.60
2010.07.08 04:40:51.739,0.6232,0.6235,1.60,1.00
2010.07.08 04:40:54.573,0.6232,0.62345,1.00,1.00
2010.07.08 04:40:54.730,0.6232,0.6235,1.00,1.00
2010.07.08 04:41:07.030,0.62325,0.6235,1.00,1.00
2010.07.08 04:41:12.151,0.62325,0.62355,1.00,1.20
2010.07.08 04:41:12.495,0.62325,0.62355,1.60,1.00
2010.07.08 04:41:15.391,0.6233,0.6236,1.00,4.40
2010.07.08 04:41:15.591,0.6233,0.6236,1.60,3.20
2010.07.08 04:41:15.641,0.6233,0.6236,2.40,1.00
2010.07.08 04:41:16.892,0.6233,0.6236,1.60,2.40
2010.07.08 04:41:32.691,0.6233,0.6236,1.60,2.00
2010.07.08 04:41:47.770,0.62325,0.6236,2.40,2.00
2010.07.08 04:41:52.122,0.62325,0.62345,1.60,1.20
2010.07.08 04:41:53.194,0.62315,0.62345,2.40,1.20
2010.07.08 04:41:53.324,0.6232,0.62345,1.60,1.20
2010.07.08 04:41:55.264,0.6232,0.6234,1.60,1.00
2010.07.08 04:41:55.542,0.6232,0.6234,1.60,1.20
2010.07.08 04:41:59.303,0.6232,0.6234,1.60,1.00
2010.07.08 04:41:59.923,0.62325,0.62345,1.60,1.00
2010.07.08 04:42:03.390,0.62325,0.62345,1.60,1.20
2010.07.08 04:42:03.671,0.62325,0.62345,1.00,1.20
2010.07.08 04:42:04.308,0.6232,0.62345,2.40,1.20
2010.07.08 04:42:07.673,0.62325,0.6235,1.00,1.00
2010.07.08 04:42:07.963,0.62325,0.6236,2.40,8.40
2010.07.08 04:42:08.301,0.62325,0.6236,2.40,2.80
2010.07.08 04:42:09.026,0.62325,0.6236,3.20,2.80
2010.07.08 04:42:46.109,0.6233,0.6236,1.00,2.00
2010.07.08 04:42:46.190,0.6233,0.6236,1.60,1.20
2010.07.08 04:42:46.269,0.6233,0.6236,2.40,1.20
2010.07.08 04:42:46.350,0.6233,0.6236,2.40,1.00
2010.07.08 04:42:48.072,0.6233,0.6236,1.00,1.20
2010.07.08 04:42:49.570,0.62325,0.6236,3.60,2.00
2010.07.08 04:42:49.821,0.62325,0.6236,3.60,2.80
2010.07.08 04:42:50.417,0.6233,0.6236,1.00,2.00
2010.07.08 04:42:50.980,0.62325,0.6236,2.40,3.20
2010.07.08 04:42:51.210,0.6233,0.6236,1.00,2.00
2010.07.08 04:42:51.439,0.62325,0.6236,2.40,3.20
2010.07.08 04:42:52.222,0.62325,0.6236,2.40,2.80
2010.07.08 04:42:53.733,0.62325,0.62355,1.60,1.00
2010.07.08 04:42:53.819,0.62325,0.62355,1.60,1.20
2010.07.08 04:42:53.910,0.62325,0.62355,1.00,1.00
2010.07.08 04:42:53.999,0.6232,0.62355,5.60,1.20
2010.07.08 04:42:54.179,0.6232,0.62355,3.20,1.20
2010.07.08 04:43:06.878,0.6232,0.62355,3.20,1.00
2010.07.08 04:43:07.706,0.62325,0.62355,1.60,1.00
2010.07.08 04:43:08.052,0.62325,0.62355,2.40,1.00
2010.07.08 04:43:13.302,0.62325,0.62355,3.20,1.00
2010.07.08 04:43:16.199,0.62325,0.6236,4.00,1.20
2010.07.08 04:43:16.309,0.62325,0.6236,4.40,1.00
2010.07.08 04:43:16.328,0.6233,0.6236,1.00,1.00
2010.07.08 04:43:16.374,0.6233,0.6236,1.60,1.00
2010.07.08 04:43:17.413,0.6233,0.62355,1.60,1.00
2010.07.08 04:43:21.030,0.6233,0.6236,1.60,1.20
2010.07.08 04:43:21.283,0.6233,0.6236,1.60,1.00
2010.07.08 04:43:22.199,0.62335,0.6236,1.00,1.00
2010.07.08 04:43:29.442,0.62335,0.62355,1.00,1.00
2010.07.08 04:43:29.690,0.6233,0.62355,1.60,1.00
2010.07.08 04:43:43.824,0.6233,0.62355,1.00,1.00
2010.07.08 04:43:47.020,0.62325,0.62355,2.40,1.00
2010.07.08 04:43:51.572,0.62325,0.62355,1.60,1.00
2010.07.08 04:43:51.922,0.6232,0.62355,5.60,1.20
2010.07.08 04:43:52.100,0.6232,0.62355,3.20,1.20
2010.07.08 04:44:07.431,0.62325,0.62355,1.60,1.00
2010.07.08 04:44:15.122,0.62325,0.6236,2.40,4.40
2010.07.08 04:44:15.282,0.62325,0.6236,2.40,4.80
2010.07.08 04:44:15.410,0.62325,0.62355,1.60,1.00
2010.07.08 04:44:20.914,0.62325,0.6236,2.40,4.00
2010.07.08 04:44:21.070,0.62325,0.6236,2.40,1.00
2010.07.08 04:44:21.170,0.6233,0.6236,1.00,1.00
2010.07.08 04:44:24.122,0.6233,0.62355,1.00,1.00
2010.07.08 04:44:28.098,0.62325,0.62355,2.40,1.00
2010.07.08 04:44:28.269,0.62325,0.62355,1.60,1.00
2010.07.08 04:44:48.477,0.62325,0.62355,1.00,1.00
2010.07.08 04:44:48.490,0.6232,0.62355,3.20,1.00
2010.07.08 04:45:13.592,0.6232,0.62355,4.00,1.00
2010.07.08 04:45:13.761,0.6232,0.62355,4.40,1.00
2010.07.08 04:45:17.492,0.62325,0.62355,1.60,1.00
2010.07.08 04:45:23.563,0.62325,0.6235,1.60,1.00
2010.07.08 04:45:23.961,0.6232,0.6235,3.20,1.00
2010.07.08 04:45:41.684,0.6232,0.6235,6.40,1.00
2010.07.08 04:45:41.742,0.6232,0.6235,9.60,1.00
2010.07.08 04:45:41.886,0.6232,0.6235,12.00,1.00
2010.07.08 04:45:43.485,0.6232,0.6235,9.60,1.00
2010.07.08 04:45:44.690,0.6232,0.6235,8.80,1.00
2010.07.08 04:45:47.692,0.6232,0.6235,5.60,1.00
2010.07.08 04:45:47.950,0.6232,0.6235,2.40,1.00
2010.07.08 04:46:04.622,0.6232,0.62355,4.00,1.20
2010.07.08 04:46:04.960,0.6232,0.62355,6.80,1.20
2010.07.08 04:46:06.889,0.6232,0.62355,6.80,1.00
2010.07.08 04:46:10.848,0.62325,0.62355,1.00,1.00
2010.07.08 04:46:11.010,0.62325,0.62355,1.00,1.00
2010.07.08 04:46:11.591,0.62325,0.62355,1.60,1.00
2010.07.08 04:46:11.764,0.6233,0.6236,1.00,1.20
2010.07.08 04:46:14.150,0.6233,0.6236,1.60,1.00
2010.07.08 04:46:14.804,0.6233,0.62365,2.40,2.40
2010.07.08 04:46:14.903,0.6233,0.62365,3.20,1.00
2010.07.08 04:46:31.159,0.6233,0.6236,2.40,1.00
2010.07.08 04:46:32.074,0.6233,0.6236,1.00,1.00
2010.07.08 04:46:41.242,0.62325,0.6236,3.20,1.60
2010.07.08 04:46:41.490,0.62325,0.6236,2.40,1.60
2010.07.08 04:46:42.150,0.62325,0.6236,2.40,2.00
2010.07.08 04:46:44.232,0.62325,0.62355,2.40,1.00
2010.07.08 04:46:45.105,0.62325,0.6236,1.60,2.00
2010.07.08 04:47:16.010,0.62325,0.6236,1.60,1.60
2010.07.08 04:47:16.620,0.62335,0.6236,1.00,1.60
2010.07.08 04:47:16.664,0.62335,0.62365,1.00,1.20
2010.07.08 04:47:17.126,0.62335,0.62365,1.00,1.00
2010.07.08 04:47:17.730,0.62335,0.6237,1.60,5.20
2010.07.08 04:47:17.931,0.62335,0.6237,1.60,2.80
2010.07.08 04:47:18.131,0.62335,0.6237,2.40,2.00
2010.07.08 04:47:22.903,0.6234,0.6237,1.00,1.20
2010.07.08 04:47:23.080,0.6234,0.62375,4.00,6.00
2010.07.08 04:47:23.250,0.6234,0.62375,4.00,5.20
2010.07.08 04:47:25.004,0.6234,0.6237,3.20,1.00
2010.07.08 04:47:25.099,0.6234,0.6237,1.00,1.00
2010.07.08 04:47:25.189,0.6234,0.6237,1.00,1.20
2010.07.08 04:47:27.790,0.62335,0.6237,3.20,2.00
2010.07.08 04:47:28.090,0.62335,0.6237,2.40,1.60
2010.07.08 04:47:29.275,0.62335,0.62365,1.00,1.00
2010.07.08 04:47:43.602,0.62335,0.6236,1.00,1.00
2010.07.08 04:47:44.359,0.6233,0.6236,1.60,1.00
2010.07.08 04:47:44.547,0.62335,0.6237,1.60,4.40
2010.07.08 04:47:44.911,0.62335,0.6237,3.20,4.40
2010.07.08 04:48:02.400,0.6234,0.6237,2.40,2.00
2010.07.08 04:48:02.740,0.6234,0.6237,3.20,1.00
2010.07.08 04:48:03.621,0.6234,0.6237,3.20,1.00
2010.07.08 04:48:03.961,0.6234,0.62375,4.80,4.40
2010.07.08 04:48:36.883,0.6234,0.6237,4.00,1.60
2010.07.08 04:48:37.010,0.6234,0.6237,1.60,4.00
2010.07.08 04:48:37.199,0.6234,0.62365,1.60,1.60
2010.07.08 04:48:47.825,0.6234,0.62365,1.00,1.60
2010.07.08 04:48:48.089,0.62335,0.62365,3.20,1.60
2010.07.08 04:49:05.334,0.62335,0.6236,2.40,1.00
2010.07.08 04:49:05.442,0.62335,0.6236,2.40,2.40
2010.07.08 04:49:06.195,0.62335,0.62365,1.00,2.40
2010.07.08 04:49:09.805,0.6233,0.62365,7.20,2.40
2010.07.08 04:49:10.142,0.6233,0.62365,6.40,2.40
2010.07.08 04:49:10.522,0.6233,0.6236,5.60,1.00
2010.07.08 04:49:10.861,0.6233,0.6236,1.60,1.00
2010.07.08 04:49:11.380,0.6233,0.6236,1.00,1.00
2010.07.08 04:49:11.719,0.62325,0.6236,3.20,1.00
2010.07.08 04:49:15.783,0.62325,0.62355,3.20,1.00
2010.07.08 04:49:28.692,0.62325,0.6236,3.20,1.00
2010.07.08 04:49:33.161,0.62325,0.62355,3.20,1.00
2010.07.08 04:49:36.839,0.62325,0.6236,3.20,3.20
2010.07.08 04:49:37.585,0.62325,0.6236,3.20,1.00
2010.07.08 04:49:41.004,0.62325,0.62355,3.20,1.00
2010.07.08 04:50:22.540,0.62325,0.6235,2.40,1.00
2010.07.08 04:50:23.382,0.62325,0.6235,1.60,2.40
2010.07.08 04:50:23.720,0.6232,0.6235,1.00,6.00
2010.07.08 04:50:30.784,0.6232,0.6235,1.60,5.20
2010.07.08 04:50:30.970,0.6232,0.6235,4.00,2.80
2010.07.08 04:50:31.131,0.6232,0.6235,4.00,1.00
2010.07.08 04:50:31.902,0.6232,0.6235,4.80,1.00
2010.07.08 04:50:44.206,0.62325,0.62355,1.00,1.00
2010.07.08 04:50:54.441,0.6232,0.6235,6.80,1.60
2010.07.08 04:50:54.681,0.6232,0.6235,2.40,6.40
2010.07.08 04:50:57.623,0.6232,0.62345,2.40,1.60
2010.07.08 04:50:58.893,0.62325,0.62345,2.40,1.60
2010.07.08 04:50:59.227,0.62325,0.6235,1.60,1.00
2010.07.08 04:50:59.443,0.62325,0.6235,1.60,2.40
2010.07.08 04:50:59.663,0.6232,0.6235,5.60,1.00
2010.07.08 04:50:59.883,0.6232,0.6235,1.00,5.60
2010.07.08 04:51:00.602,0.62315,0.6235,2.40,6.00
2010.07.08 04:51:00.931,0.62315,0.6235,2.40,6.80
2010.07.08 04:51:02.483,0.62315,0.6234,1.60,1.00
2010.07.08 04:51:02.831,0.6231,0.6234,2.40,5.20
2010.07.08 04:51:05.270,0.62315,0.6234,1.00,4.40
2010.07.08 04:51:05.410,0.62315,0.6234,1.00,2.80
2010.07.08 04:51:05.987,0.6231,0.6234,3.20,2.40
2010.07.08 04:51:06.065,0.6231,0.62345,4.00,2.80
2010.07.08 04:51:08.724,0.62315,0.62345,1.00,1.20
2010.07.08 04:51:08.929,0.62315,0.62345,1.00,1.00
2010.07.08 04:51:14.365,0.6231,0.62345,8.40,2.40
2010.07.08 04:51:14.493,0.6231,0.62345,6.40,2.80
2010.07.08 04:51:14.793,0.6231,0.62345,4.00,2.80
2010.07.08 04:51:16.840,0.6231,0.62335,3.20,1.00
2010.07.08 04:51:16.981,0.6231,0.62335,1.00,2.40
2010.07.08 04:51:17.050,0.62305,0.62335,1.60,2.40
2010.07.08 04:51:17.200,0.62305,0.62335,1.00,2.40
2010.07.08 04:51:17.259,0.623,0.62335,7.20,2.40
2010.07.08 04:51:18.200,0.623,0.62335,7.20,2.40
2010.07.08 04:51:28.032,0.623,0.6233,6.40,1.00
2010.07.08 04:51:28.190,0.623,0.6233,4.00,1.00
2010.07.08 04:51:28.411,0.623,0.6233,1.00,1.00
2010.07.08 04:51:47.500,0.623,0.6233,1.60,1.00
2010.07.08 04:52:02.031,0.62305,0.62335,1.00,2.80
2010.07.08 04:52:02.283,0.62305,0.62335,1.60,1.60
2010.07.08 04:52:02.530,0.62305,0.62335,1.60,1.00
2010.07.08 04:52:04.932,0.62305,0.6234,4.00,4.00
2010.07.08 04:52:07.406,0.6231,0.6234,1.00,3.20
2010.07.08 04:52:14.180,0.6231,0.6234,1.60,3.20
2010.07.08 04:52:15.653,0.6231,0.6233,1.60,1.00
2010.07.08 04:52:16.423,0.6231,0.6234,1.60,3.20
2010.07.08 04:52:17.025,0.6231,0.62325,1.60,1.00
2010.07.08 04:52:17.191,0.6231,0.62325,1.00,2.40
2010.07.08 04:52:17.362,0.62305,0.62325,1.60,1.60
2010.07.08 04:52:17.661,0.62305,0.62335,1.60,2.80
2010.07.08 04:52:17.962,0.62305,0.6233,1.60,1.00
2010.07.08 04:52:18.722,0.623,0.6233,4.00,1.60
2010.07.08 04:52:18.962,0.62295,0.62325,3.20,1.60
2010.07.08 04:52:19.201,0.62295,0.62325,1.60,3.20
2010.07.08 04:52:19.439,0.62295,0.62325,1.60,3.60
2010.07.08 04:52:20.672,0.62295,0.6232,1.60,1.00
2010.07.08 04:52:21.641,0.6229,0.6232,1.60,1.00
2010.07.08 04:52:23.592,0.6229,0.62325,2.40,3.60
2010.07.08 04:52:23.930,0.6229,0.62325,4.80,4.00
2010.07.08 04:52:24.090,0.6229,0.6232,4.00,1.00
2010.07.08 04:52:24.671,0.6229,0.6232,1.60,1.00
2010.07.08 04:52:25.463,0.6229,0.62325,2.40,3.60
2010.07.08 04:52:25.679,0.6229,0.62325,4.80,3.60
2010.07.08 04:52:25.890,0.6229,0.6232,1.60,1.00
2010.07.08 04:52:40.721,0.6229,0.6232,4.00,1.00
2010.07.08 04:52:40.860,0.6229,0.62325,4.80,3.60
2010.07.08 04:52:40.990,0.62295,0.62325,1.60,3.60
2010.07.08 04:52:44.044,0.6229,0.62315,1.00,1.00
2010.07.08 04:52:44.934,0.6229,0.6232,1.00,5.20
2010.07.08 04:52:45.271,0.6229,0.6232,1.60,1.00
2010.07.08 04:52:46.424,0.6229,0.62325,2.40,4.40
2010.07.08 04:52:47.063,0.62295,0.62325,1.60,3.60
2010.07.08 04:52:47.561,0.62295,0.6232,1.60,1.00
2010.07.08 04:52:49.301,0.62295,0.62325,1.60,3.60
2010.07.08 04:52:51.870,0.62295,0.6232,1.60,1.00
2010.07.08 04:52:52.090,0.62295,0.6232,1.00,1.00
2010.07.08 04:52:52.170,0.6229,0.6232,1.60,1.00
2010.07.08 04:52:55.243,0.6229,0.62325,2.40,3.60
2010.07.08 04:52:55.530,0.6229,0.62325,4.80,3.60
2010.07.08 04:53:00.661,0.6229,0.6232,1.60,1.00
2010.07.08 04:53:02.697,0.6229,0.6232,1.60,1.20
2010.07.08 04:53:02.750,0.6229,0.6232,1.60,3.60
2010.07.08 04:53:02.850,0.6229,0.6232,1.60,5.20
2010.07.08 04:53:02.900,0.6229,0.6232,1.00,5.20
2010.07.08 04:53:03.614,0.62285,0.62315,2.40,1.00
2010.07.08 04:53:05.911,0.62285,0.6232,3.20,2.80
2010.07.08 04:53:06.136,0.6229,0.62315,1.60,1.00
2010.07.08 04:53:06.432,0.6229,0.62325,4.80,10.00
2010.07.08 04:53:06.989,0.6229,0.6232,4.00,1.00
2010.07.08 04:53:07.075,0.6229,0.6232,1.60,1.00
2010.07.08 04:53:08.441,0.6229,0.62325,2.40,4.40
2010.07.08 04:53:08.782,0.6229,0.62325,4.80,4.40
2010.07.08 04:53:12.620,0.6229,0.62325,2.40,4.40
2010.07.08 04:53:12.654,0.6229,0.6232,1.60,1.00
2010.07.08 04:53:16.961,0.6229,0.6232,1.00,1.00
2010.07.08 04:53:17.155,0.6229,0.62315,1.00,1.00
2010.07.08 04:53:20.812,0.6229,0.62315,1.60,1.00
2010.07.08 04:53:20.882,0.6229,0.6232,1.60,1.00
2010.07.08 04:53:21.653,0.6229,0.62315,1.60,1.00
2010.07.08 04:53:21.930,0.6229,0.62315,1.00,1.00
2010.07.08 04:53:35.053,0.6229,0.6231,1.00,1.00
2010.07.08 04:53:35.376,0.62285,0.6231,1.00,1.00
2010.07.08 04:53:35.500,0.6228,0.6231,3.20,1.00
2010.07.08 04:53:36.630,0.6228,0.62315,3.20,1.20
2010.07.08 04:53:36.751,0.6228,0.6231,5.60,1.00
2010.07.08 04:53:36.880,0.6228,0.6231,3.20,1.00
2010.07.08 04:53:37.000,0.6228,0.62315,3.20,1.20
2010.07.08 04:53:37.130,0.6228,0.62315,5.60,1.00
2010.07.08 04:53:40.365,0.6228,0.6231,3.20,1.00
2010.07.08 04:53:50.893,0.6228,0.6231,5.60,1.00
2010.07.08 04:53:57.082,0.6228,0.62305,4.00,1.00
2010.07.08 04:53:57.175,0.6228,0.6229,2.40,1.00
2010.07.08 04:53:57.265,0.62275,0.6229,2.00,1.00
2010.07.08 04:53:57.886,0.6227,0.6229,5.20,1.00
2010.07.08 04:53:57.980,0.6226,0.6229,1.00,1.00
2010.07.08 04:54:03.480,0.62255,0.62285,1.20,1.60
2010.07.08 04:54:03.703,0.62255,0.62285,1.00,2.80
2010.07.08 04:54:03.992,0.62255,0.62285,1.00,2.80
2010.07.08 04:54:07.254,0.62255,0.6228,1.00,1.00
2010.07.08 04:54:13.093,0.6225,0.6228,2.40,1.00
2010.07.08 04:54:15.449,0.6225,0.6228,1.60,1.00
2010.07.08 04:54:17.132,0.6225,0.6228,1.00,1.60
2010.07.08 04:54:17.336,0.6224,0.62275,4.80,1.00
2010.07.08 04:54:17.873,0.6224,0.62275,2.40,1.60
2010.07.08 04:54:19.254,0.6224,0.6227,1.60,1.00
2010.07.08 04:54:28.843,0.62235,0.62265,1.60,1.00
2010.07.08 04:54:29.258,0.6223,0.62265,6.40,1.00
2010.07.08 04:54:29.484,0.6223,0.6226,1.60,1.00
2010.07.08 04:54:30.345,0.6223,0.62265,2.40,1.60
2010.07.08 04:54:30.683,0.6223,0.62265,4.80,1.60
2010.07.08 04:54:31.024,0.62235,0.6227,1.60,2.80
2010.07.08 04:54:32.821,0.62235,0.62265,1.00,1.00
2010.07.08 04:54:33.032,0.62235,0.62265,1.00,1.00
2010.07.08 04:54:35.924,0.62235,0.62255,1.00,1.00
2010.07.08 04:54:36.087,0.62225,0.62255,2.40,1.00
2010.07.08 04:54:38.310,0.62225,0.6226,3.20,3.60
2010.07.08 04:54:38.552,0.62225,0.6226,4.80,3.20
2010.07.08 04:54:39.110,0.62225,0.62255,4.00,1.00
2010.07.08 04:54:39.351,0.62225,0.62255,2.40,1.00
2010.07.08 04:54:46.840,0.62225,0.62255,4.00,1.00
2010.07.08 04:54:46.954,0.62225,0.6226,4.80,3.20
2010.07.08 04:54:47.823,0.6223,0.6226,1.00,2.40
2010.07.08 04:54:48.183,0.6223,0.62265,4.80,2.40
2010.07.08 04:54:48.463,0.6223,0.62265,4.80,2.80
2010.07.08 04:54:52.901,0.6223,0.62265,2.40,2.80
2010.07.08 04:54:53.083,0.6223,0.6226,1.60,1.00
2010.07.08 04:54:53.262,0.62225,0.6226,3.20,1.00
2010.07.08 04:54:56.323,0.6223,0.6226,1.00,1.00
2010.07.08 04:54:56.379,0.6223,0.6226,3.20,1.00
2010.07.08 04:54:57.260,0.6223,0.62265,4.00,3.60
2010.07.08 04:54:57.431,0.6223,0.62265,4.80,2.80
2010.07.08 04:55:01.631,0.6223,0.62265,5.60,2.40
2010.07.08 04:55:01.682,0.62235,0.62265,2.40,1.60
2010.07.08 04:55:01.790,0.62235,0.62265,3.20,1.60
2010.07.08 04:55:01.840,0.62235,0.62265,4.00,1.00
2010.07.08 04:55:01.960,0.6224,0.6227,1.00,6.00
2010.07.08 04:55:02.010,0.6224,0.6227,3.20,3.60
2010.07.08 04:55:02.121,0.6224,0.6227,3.20,2.00
2010.07.08 04:55:03.367,0.6224,0.6227,3.20,1.60
2010.07.08 04:55:06.622,0.6224,0.62275,7.20,2.40
2010.07.08 04:55:06.954,0.6224,0.62275,7.20,1.60
2010.07.08 04:55:08.311,0.6224,0.62275,8.00,1.60
2010.07.08 04:55:28.240,0.62255,0.62285,1.00,1.00
2010.07.08 04:55:35.062,0.6225,0.62285,8.40,1.60
2010.07.08 04:55:35.619,0.6225,0.62285,5.20,1.60
2010.07.08 04:55:35.831,0.6225,0.62285,4.80,1.60
2010.07.08 04:55:38.680,0.6225,0.62285,4.80,1.00
2010.07.08 04:55:39.410,0.6225,0.62275,4.00,1.00
2010.07.08 04:55:39.751,0.6225,0.62275,1.60,1.00
2010.07.08 04:56:15.694,0.62245,0.62275,1.60,2.00
2010.07.08 04:56:16.350,0.62245,0.62275,1.60,3.60
2010.07.08 04:56:16.592,0.62245,0.6227,1.60,1.60
2010.07.08 04:56:19.337,0.62245,0.6227,1.60,1.00
2010.07.08 04:56:20.763,0.6224,0.62265,1.00,1.00
2010.07.08 04:56:23.783,0.62235,0.6225,1.60,1.00
2010.07.08 04:56:24.526,0.62225,0.6225,8.00,1.00
2010.07.08 04:56:24.836,0.6221,0.62245,8.00,1.00
2010.07.08 04:56:25.679,0.62215,0.62245,1.60,1.00
2010.07.08 04:56:27.913,0.6222,0.62245,1.00,1.00
2010.07.08 04:56:28.079,0.6222,0.6225,1.00,2.40
2010.07.08 04:56:37.453,0.6222,0.62245,1.00,1.00
2010.07.08 04:56:38.245,0.62215,0.6225,5.20,3.20
2010.07.08 04:56:38.542,0.6222,0.6225,1.00,2.40
2010.07.08 04:56:40.108,0.6222,0.62245,1.00,1.00
2010.07.08 04:56:41.372,0.62215,0.62245,2.40,1.60
2010.07.08 04:56:41.681,0.62215,0.62245,1.60,3.60
2010.07.08 04:56:44.913,0.62215,0.62245,1.60,2.80
2010.07.08 04:56:45.170,0.62215,0.62245,1.60,1.20
2010.07.08 04:56:45.431,0.62215,0.62245,1.60,1.00
2010.07.08 04:56:48.681,0.62215,0.6225,2.40,3.60
2010.07.08 04:56:48.871,0.62215,0.6225,4.00,3.20
2010.07.08 04:56:50.087,0.62215,0.6225,4.00,5.60
2010.07.08 04:56:50.265,0.62215,0.62245,1.60,1.00
2010.07.08 04:56:55.274,0.62215,0.62245,1.60,3.60
2010.07.08 04:56:56.751,0.62215,0.62245,1.60,1.20
2010.07.08 04:56:57.427,0.62215,0.62245,1.60,1.00
2010.07.08 04:57:02.641,0.62215,0.6225,2.40,3.20
2010.07.08 04:57:02.841,0.62215,0.6225,4.00,3.20
2010.07.08 04:57:06.112,0.62215,0.62245,1.60,1.00
2010.07.08 04:57:07.482,0.62215,0.6225,4.00,3.20
2010.07.08 04:57:08.403,0.6222,0.6225,1.00,2.40
2010.07.08 04:57:09.202,0.6222,0.62255,4.00,4.40
2010.07.08 04:57:09.939,0.62225,0.62255,2.40,1.00
2010.07.08 04:57:10.102,0.62225,0.62255,4.80,1.00
2010.07.08 04:57:12.399,0.62225,0.6225,4.00,1.00
2010.07.08 04:57:12.663,0.62225,0.62255,2.40,3.60
2010.07.08 04:57:12.922,0.62225,0.62255,4.00,1.00
2010.07.08 04:57:17.530,0.62225,0.62255,4.80,1.00
2010.07.08 04:57:18.952,0.62225,0.62255,3.20,2.80
2010.07.08 04:57:19.132,0.62225,0.62255,2.40,2.80
2010.07.08 04:57:19.311,0.62225,0.62255,1.60,3.60
2010.07.08 04:57:24.854,0.62225,0.62255,2.40,2.80
2010.07.08 04:57:25.010,0.62225,0.62255,2.40,1.00
2010.07.08 04:57:25.172,0.62225,0.62255,4.80,1.00
2010.07.08 04:57:35.331,0.62225,0.62255,4.00,1.60
2010.07.08 04:57:35.491,0.62225,0.62255,4.80,1.00
2010.07.08 04:57:37.879,0.62225,0.62255,2.40,3.20
2010.07.08 04:57:38.032,0.62225,0.62255,2.40,3.60
2010.07.08 04:57:38.626,0.62225,0.62255,1.60,3.60
2010.07.08 04:57:40.672,0.62225,0.6225,1.00,2.80
2010.07.08 04:57:40.882,0.6222,0.6225,1.60,2.80
2010.07.08 04:57:41.722,0.6222,0.62245,1.60,1.00
2010.07.08 04:57:54.852,0.6222,0.62245,1.60,1.20
2010.07.08 04:57:55.103,0.62215,0.6224,2.40,1.00
2010.07.08 04:57:58.723,0.6221,0.6224,2.40,2.80
2010.07.08 04:57:58.912,0.6221,0.62235,1.60,1.00
2010.07.08 04:57:59.951,0.6221,0.62235,2.40,1.00
2010.07.08 04:58:00.803,0.6221,0.62235,6.40,1.00
2010.07.08 04:58:01.177,0.6221,0.62245,6.40,7.60
2010.07.08 04:58:01.340,0.6221,0.62245,6.40,4.40
2010.07.08 04:58:02.664,0.6221,0.6224,5.60,1.00
2010.07.08 04:58:02.875,0.6221,0.6224,1.60,2.40
2010.07.08 04:58:03.631,0.62215,0.6224,1.00,2.40
2010.07.08 04:58:03.812,0.62215,0.62245,1.00,1.00
2010.07.08 04:58:06.311,0.62215,0.62245,1.00,1.60
2010.07.08 04:58:06.371,0.62215,0.62245,1.00,2.00
2010.07.08 04:58:06.560,0.62215,0.62245,1.00,3.60
2010.07.08 04:58:14.024,0.62215,0.62245,1.00,2.80
2010.07.08 04:58:14.362,0.62215,0.62245,1.00,1.00
2010.07.08 04:58:23.190,0.62215,0.62245,1.60,1.00
2010.07.08 04:58:36.135,0.62215,0.62245,1.60,3.60
2010.07.08 04:58:36.391,0.62215,0.62245,1.60,1.00
2010.07.08 04:58:42.423,0.62215,0.6225,2.40,6.00
2010.07.08 04:58:43.110,0.62215,0.6225,4.00,5.60
2010.07.08 04:58:43.252,0.62215,0.62245,1.60,1.00
2010.07.08 04:58:51.002,0.62215,0.62245,1.60,3.60
2010.07.08 04:58:54.091,0.62215,0.62245,1.60,2.40
2010.07.08 04:58:54.301,0.62215,0.62245,1.60,1.00
2010.07.08 04:58:56.103,0.62215,0.6225,4.00,2.40
2010.07.08 04:58:56.230,0.62215,0.6225,4.80,2.40
2010.07.08 04:58:56.490,0.6222,0.6225,1.00,2.40
2010.07.08 04:59:07.881,0.6222,0.62245,1.00,1.00
2010.07.08 04:59:07.980,0.6222,0.62245,1.00,2.40
2010.07.08 04:59:08.554,0.62215,0.62245,2.40,2.40
2010.07.08 04:59:08.715,0.62215,0.62245,1.60,1.00
2010.07.08 04:59:11.157,0.62215,0.62245,1.60,1.20
2010.07.08 04:59:11.381,0.62215,0.62245,1.60,3.60
2010.07.08 04:59:11.952,0.62215,0.62245,1.60,2.80
2010.07.08 04:59:12.121,0.62215,0.62245,1.60,1.00
2010.07.08 04:59:12.800,0.62215,0.62245,3.20,1.00
2010.07.08 04:59:12.912,0.62215,0.6225,4.80,2.40
2010.07.08 04:59:13.031,0.6222,0.6225,1.60,2.40
2010.07.08 04:59:13.731,0.62225,0.62255,1.00,4.40
2010.07.08 04:59:14.193,0.62225,0.62255,1.60,2.40
2010.07.08 04:59:15.086,0.62225,0.6226,4.00,1.20
2010.07.08 04:59:15.231,0.6223,0.6226,1.60,1.00
2010.07.08 04:59:15.681,0.6223,0.6226,3.20,1.00
2010.07.08 04:59:16.375,0.62235,0.62265,1.00,2.40
2010.07.08 04:59:16.565,0.62235,0.62255,1.00,1.00
2010.07.08 04:59:16.754,0.62235,0.62265,1.00,2.40
2010.07.08 04:59:17.506,0.6223,0.62265,4.80,2.40
2010.07.08 04:59:17.826,0.62235,0.62265,1.60,2.40
2010.07.08 04:59:20.871,0.62235,0.62265,2.40,1.60
2010.07.08 04:59:21.650,0.62235,0.6227,4.00,4.40
2010.07.08 04:59:21.751,0.62235,0.6226,1.00,1.00
2010.07.08 04:59:21.844,0.62235,0.62255,1.00,1.00
2010.07.08 04:59:21.945,0.6223,0.62255,1.00,1.00
2010.07.08 04:59:22.145,0.62225,0.62255,4.00,4.40
2010.07.08 04:59:22.347,0.6222,0.6225,2.40,2.40
2010.07.08 04:59:22.946,0.62215,0.6224,1.60,1.00
2010.07.08 04:59:23.169,0.6221,0.6224,3.20,1.00
2010.07.08 04:59:23.885,0.6221,0.6224,1.60,1.00
2010.07.08 04:59:24.102,0.6221,0.6224,1.60,1.00
2010.07.08 04:59:24.456,0.6221,0.62235,1.60,3.20
2010.07.08 04:59:25.336,0.62205,0.62235,4.40,5.60
2010.07.08 04:59:25.600,0.62195,0.62225,3.60,1.00
2010.07.08 04:59:30.961,0.622,0.6223,1.00,1.60
2010.07.08 04:59:31.525,0.622,0.6223,1.00,1.00
2010.07.08 04:59:31.698,0.622,0.62235,1.60,2.40
2010.07.08 04:59:31.875,0.622,0.6223,1.00,1.00
2010.07.08 04:59:38.916,0.622,0.62225,1.00,1.00
2010.07.08 04:59:39.763,0.622,0.6223,1.00,3.60
2010.07.08 04:59:40.102,0.622,0.6223,1.00,3.20
2010.07.08 04:59:42.610,0.622,0.62225,1.00,1.00
2010.07.08 04:59:42.773,0.622,0.6222,1.00,1.00
2010.07.08 04:59:42.852,0.62195,0.6222,1.60,1.00
2010.07.08 04:59:44.342,0.62195,0.62225,1.60,1.20
2010.07.08 04:59:44.651,0.62195,0.62225,1.60,1.00
2010.07.08 04:59:45.813,0.62195,0.6223,3.20,3.20
2010.07.08 04:59:48.380,0.622,0.6223,1.00,3.20
2010.07.08 04:59:48.521,0.622,0.6223,3.20,2.40
2010.07.08 04:59:48.661,0.622,0.62235,5.60,2.40
2010.07.08 04:59:48.940,0.622,0.62235,5.60,1.60
