2010.02.25 23:00:15.497,0.61595,0.6163,1.60,1.60
2010.02.25 23:00:24.061,0.616,0.61635,1.60,1.60
2010.02.25 23:00:24.720,0.61595,0.6163,1.60,1.60
2010.02.25 23:00:37.058,0.616,0.61635,1.60,1.60
2010.02.25 23:00:38.467,0.61595,0.6163,1.60,1.60
2010.02.25 23:01:01.281,0.616,0.61635,1.60,1.60
2010.02.25 23:01:25.426,0.6161,0.61645,1.60,1.60
2010.02.25 23:01:34.624,0.61605,0.6164,1.60,1.60
2010.02.25 23:01:43.082,0.61595,0.6163,1.60,1.60
2010.02.25 23:02:45.317,0.616,0.61635,1.60,1.60
2010.02.25 23:03:46.442,0.61595,0.61635,1.60,1.60
2010.02.25 23:03:47.146,0.616,0.61635,1.60,1.60
2010.02.25 23:03:47.332,0.61595,0.61635,1.60,1.60
2010.02.25 23:03:47.671,0.616,0.61635,1.60,1.60
2010.02.25 23:03:51.252,0.61595,0.61635,1.60,1.60
2010.02.25 23:04:09.597,0.61605,0.6165,1.60,1.60
2010.02.25 23:05:30.497,0.6161,0.61655,1.60,1.60
2010.02.25 23:05:43.825,0.6161,0.61645,1.60,1.60
2010.02.25 23:06:16.216,0.6161,0.61655,1.60,1.60
2010.02.25 23:06:25.089,0.61615,0.6165,1.60,1.60
2010.02.25 23:06:36.442,0.6162,0.61655,1.60,1.60
2010.02.25 23:08:54.613,0.61615,0.61655,1.60,1.60
2010.02.25 23:09:46.960,0.6161,0.61655,1.60,1.60
2010.02.25 23:10:07.796,0.6162,0.61655,1.60,1.60
2010.02.25 23:10:33.159,0.61615,0.6165,1.60,1.60
2010.02.25 23:10:43.166,0.61615,0.61655,1.60,1.60
2010.02.25 23:10:57.279,0.6162,0.6166,1.60,1.60
2010.02.25 23:11:14.808,0.61625,0.61665,1.60,1.60
2010.02.25 23:11:20.685,0.61625,0.6167,1.60,1.60
2010.02.25 23:12:05.422,0.61625,0.61665,1.60,1.60
2010.02.25 23:12:06.702,0.6162,0.6166,1.60,1.60
2010.02.25 23:12:08.761,0.6162,0.6167,1.60,1.60
2010.02.25 23:12:12.112,0.6162,0.6166,1.60,1.60
2010.02.25 23:12:42.172,0.6162,0.6167,1.60,1.60
2010.02.25 23:12:48.812,0.61635,0.6168,1.60,1.60
2010.02.25 23:13:01.528,0.6164,0.61685,1.60,1.60
2010.02.25 23:13:23.333,0.61645,0.61685,1.60,1.60
2010.02.25 23:13:26.863,0.61665,0.617,1.60,1.60
2010.02.25 23:13:26.880,0.6166,0.61695,1.60,1.60
2010.02.25 23:13:26.915,0.6166,0.617,1.60,1.60
2010.02.25 23:13:27.853,0.61655,0.61695,1.60,1.60
2010.02.25 23:13:28.022,0.6165,0.6169,1.60,1.60
2010.02.25 23:13:30.021,0.6165,0.61685,1.60,1.60
2010.02.25 23:13:32.591,0.61645,0.6168,1.60,1.60
2010.02.25 23:13:34.181,0.6165,0.61685,1.60,1.60
2010.02.25 23:13:39.650,0.61655,0.6169,1.60,1.60
2010.02.25 23:13:40.351,0.61655,0.61695,1.60,1.60
2010.02.25 23:13:41.835,0.6166,0.61695,1.60,1.60
2010.02.25 23:13:42.879,0.61665,0.617,1.60,1.60
2010.02.25 23:13:46.298,0.6166,0.61695,1.60,1.60
2010.02.25 23:13:48.257,0.61665,0.617,1.60,1.60
2010.02.25 23:13:55.787,0.6166,0.61695,1.60,1.60
2010.02.25 23:13:57.396,0.61655,0.6169,1.60,1.60
2010.02.25 23:14:07.506,0.61665,0.617,1.60,1.60
2010.02.25 23:14:10.042,0.6166,0.61695,1.60,1.60
2010.02.25 23:14:11.412,0.61665,0.617,1.60,1.60
2010.02.25 23:14:15.671,0.6166,0.61695,1.60,1.60
2010.02.25 23:14:18.178,0.61645,0.6168,1.60,1.60
2010.02.25 23:14:18.357,0.6165,0.61685,1.60,1.60
2010.02.25 23:14:18.531,0.6164,0.6168,1.60,1.60
2010.02.25 23:14:20.052,0.61645,0.6168,1.60,1.60
2010.02.25 23:14:23.769,0.6164,0.6168,1.60,1.60
2010.02.25 23:14:25.652,0.61645,0.6168,1.60,1.60
2010.02.25 23:14:42.674,0.6165,0.61685,1.60,1.60
2010.02.25 23:14:42.755,0.61645,0.6168,1.60,1.60
2010.02.25 23:14:45.713,0.6165,0.61685,1.60,1.60
2010.02.25 23:14:55.322,0.61645,0.6168,1.60,1.60
2010.02.25 23:14:59.010,0.6164,0.6168,1.60,1.60
2010.02.25 23:15:01.730,0.6165,0.61685,1.60,1.60
2010.02.25 23:15:08.348,0.61645,0.6168,1.60,1.60
2010.02.25 23:15:08.670,0.6164,0.6168,1.60,1.60
2010.02.25 23:15:11.327,0.61645,0.6168,1.60,1.60
2010.02.25 23:15:22.695,0.6164,0.6168,1.60,1.60
2010.02.25 23:15:24.904,0.61645,0.6168,1.60,1.60
2010.02.25 23:15:27.673,0.61655,0.6169,1.60,1.60
2010.02.25 23:15:33.305,0.61645,0.61685,1.60,1.60
2010.02.25 23:15:47.699,0.61645,0.6168,1.60,1.60
2010.02.25 23:15:57.626,0.61645,0.61685,1.60,1.60
2010.02.25 23:16:00.536,0.61645,0.6168,1.60,1.60
2010.02.25 23:16:02.975,0.61645,0.61685,1.60,1.60
2010.02.25 23:16:05.386,0.61645,0.6168,1.60,1.60
2010.02.25 23:16:07.944,0.61635,0.61685,1.60,1.60
2010.02.25 23:16:08.084,0.61635,0.6167,1.60,1.60
2010.02.25 23:16:11.003,0.61645,0.6168,1.60,1.60
2010.02.25 23:16:11.324,0.6165,0.61685,1.60,1.60
2010.02.25 23:16:13.738,0.61645,0.61685,1.60,1.60
2010.02.25 23:16:14.783,0.6165,0.61685,1.60,1.60
2010.02.25 23:16:23.993,0.61645,0.6168,1.60,1.60
2010.02.25 23:16:26.560,0.61655,0.6169,1.60,1.60
2010.02.25 23:16:36.827,0.6165,0.61685,1.60,1.60
2010.02.25 23:16:37.246,0.61645,0.6168,1.60,1.60
2010.02.25 23:16:40.107,0.61655,0.6169,1.60,1.60
2010.02.25 23:16:49.965,0.6165,0.61685,1.60,1.60
2010.02.25 23:16:51.046,0.61645,0.6168,1.60,1.60
2010.02.25 23:16:57.656,0.61645,0.6169,1.60,1.60
2010.02.25 23:17:10.161,0.61645,0.6168,1.60,1.60
2010.02.25 23:17:16.496,0.61645,0.6169,1.60,1.60
2010.02.25 23:17:36.522,0.6166,0.61695,1.60,1.60
2010.02.25 23:17:37.242,0.6167,0.61705,1.60,1.60
2010.02.25 23:17:37.946,0.61675,0.6171,1.60,1.60
2010.02.25 23:17:40.552,0.61665,0.617,1.60,1.60
2010.02.25 23:17:46.894,0.6166,0.61695,1.60,1.60
2010.02.25 23:18:56.198,0.61655,0.61695,1.60,1.60
2010.02.25 23:18:58.725,0.6166,0.61695,1.60,1.60
2010.02.25 23:19:09.325,0.61665,0.617,1.60,1.60
2010.02.25 23:19:17.733,0.6166,0.617,1.60,1.60
2010.02.25 23:19:57.129,0.61665,0.61705,1.60,1.60
2010.02.25 23:20:01.788,0.6167,0.61705,1.60,1.60
2010.02.25 23:20:02.267,0.61665,0.61705,1.60,1.60
2010.02.25 23:20:05.826,0.6166,0.617,1.60,1.60
2010.02.25 23:20:07.306,0.61665,0.617,1.60,1.60
2010.02.25 23:20:07.586,0.6167,0.61705,1.60,1.60
2010.02.25 23:20:58.295,0.61665,0.617,1.60,1.60
2010.02.25 23:20:58.376,0.6167,0.61705,1.60,1.60
2010.02.25 23:21:09.463,0.61675,0.6171,1.60,1.60
2010.02.25 23:21:12.133,0.61665,0.617,1.60,1.60
2010.02.25 23:21:13.021,0.6167,0.61705,1.60,1.60
2010.02.25 23:21:21.228,0.6167,0.6171,1.60,1.60
2010.02.25 23:21:36.005,0.6167,0.61705,1.60,1.60
2010.02.25 23:21:48.766,0.6166,0.61695,1.60,1.60
2010.02.25 23:22:04.918,0.61665,0.617,1.60,1.60
2010.02.25 23:22:05.888,0.6166,0.61705,1.60,1.60
2010.02.25 23:22:15.825,0.61665,0.61705,1.60,1.60
2010.02.25 23:22:36.270,0.6167,0.61705,1.60,1.60
2010.02.25 23:22:54.516,0.61665,0.61705,1.60,1.60
2010.02.25 23:23:00.626,0.6167,0.61705,1.60,1.60
2010.02.25 23:23:06.259,0.61665,0.61705,1.60,1.60
2010.02.25 23:23:07.324,0.6167,0.61705,1.60,1.60
2010.02.25 23:23:08.462,0.61665,0.61705,1.60,1.60
2010.02.25 23:23:10.632,0.6167,0.61705,1.60,1.60
2010.02.25 23:23:11.012,0.61665,0.61705,1.60,1.60
2010.02.25 23:23:15.511,0.61665,0.617,1.60,1.60
2010.02.25 23:24:07.198,0.6166,0.61695,1.60,1.60
2010.02.25 23:24:09.028,0.6166,0.617,1.60,1.60
2010.02.25 23:24:14.466,0.6166,0.61695,1.60,1.60
2010.02.25 23:24:34.221,0.61655,0.6169,1.60,1.60
2010.02.25 23:24:35.052,0.6166,0.61695,1.60,1.60
2010.02.25 23:24:37.061,0.61655,0.6169,1.60,1.60
2010.02.25 23:25:03.897,0.6166,0.61695,1.60,1.60
2010.02.25 23:25:06.535,0.6166,0.617,1.60,1.60
2010.02.25 23:25:09.913,0.6166,0.61695,1.60,1.60
2010.02.25 23:25:17.221,0.61675,0.6171,1.60,1.60
2010.02.25 23:25:17.443,0.6167,0.61705,1.60,1.60
2010.02.25 23:25:19.052,0.61675,0.61715,1.60,1.60
2010.02.25 23:25:25.320,0.6168,0.61715,1.60,1.60
2010.02.25 23:25:26.648,0.61675,0.61715,1.60,1.60
2010.02.25 23:25:35.677,0.6167,0.61705,1.60,1.60
2010.02.25 23:25:37.626,0.6166,0.61705,1.60,1.60
2010.02.25 23:25:38.675,0.6166,0.61695,1.60,1.60
2010.02.25 23:25:39.537,0.61655,0.6169,1.60,1.60
2010.02.25 23:25:45.560,0.6166,0.61695,1.60,1.60
2010.02.25 23:26:02.310,0.61655,0.61695,1.60,1.60
2010.02.25 23:26:05.226,0.61655,0.6169,1.60,1.60
2010.02.25 23:26:07.440,0.61655,0.61695,1.60,1.60
2010.02.25 23:26:08.398,0.61655,0.617,1.60,1.60
2010.02.25 23:26:32.312,0.61655,0.61695,1.60,1.60
2010.02.25 23:27:40.607,0.61655,0.6169,1.60,1.60
2010.02.25 23:28:18.528,0.6165,0.61685,1.60,1.60
2010.02.25 23:28:25.656,0.61635,0.61675,1.60,1.60
2010.02.25 23:28:29.625,0.61645,0.6168,1.60,1.60
2010.02.25 23:28:31.244,0.61635,0.61675,1.60,1.60
2010.02.25 23:28:34.603,0.61635,0.6168,1.60,1.60
2010.02.25 23:28:44.279,0.61645,0.6168,1.60,1.60
2010.02.25 23:28:48.970,0.61645,0.61685,1.60,1.60
2010.02.25 23:28:51.430,0.61645,0.6168,1.60,1.60
2010.02.25 23:28:52.437,0.61645,0.61685,1.60,1.60
2010.02.25 23:29:09.404,0.61645,0.6168,1.60,1.60
2010.02.25 23:29:12.184,0.61635,0.6167,1.60,1.60
2010.02.25 23:29:17.933,0.61645,0.6168,1.60,1.60
2010.02.25 23:29:29.779,0.61635,0.61675,1.60,1.60
2010.02.25 23:29:29.959,0.6164,0.61675,1.60,1.60
2010.02.25 23:29:30.856,0.61635,0.61675,1.60,1.60
2010.02.25 23:29:37.008,0.61645,0.6168,1.60,1.60
2010.02.25 23:29:37.437,0.61635,0.61675,1.60,1.60
2010.02.25 23:29:44.796,0.61645,0.6168,1.60,1.60
2010.02.25 23:29:47.305,0.61635,0.6167,1.60,1.60
2010.02.25 23:29:49.747,0.61625,0.6166,1.60,1.60
2010.02.25 23:29:51.576,0.6162,0.61655,1.60,1.60
2010.02.25 23:29:54.054,0.61615,0.6165,1.60,1.60
2010.02.25 23:29:54.173,0.61605,0.61645,1.60,1.60
2010.02.25 23:30:01.872,0.6161,0.6165,1.60,1.60
2010.02.25 23:30:02.212,0.61615,0.6166,1.60,1.60
2010.02.25 23:30:03.982,0.61615,0.6165,1.60,1.60
2010.02.25 23:30:04.458,0.6161,0.61645,1.60,1.60
2010.02.25 23:30:05.384,0.61615,0.6165,1.60,1.60
2010.02.25 23:30:07.101,0.61605,0.6164,1.60,1.60
2010.02.25 23:30:08.800,0.6161,0.61645,1.60,1.60
2010.02.25 23:30:09.660,0.61615,0.6165,1.60,1.60
2010.02.25 23:30:12.499,0.6161,0.61645,1.60,1.60
2010.02.25 23:30:14.160,0.61615,0.6165,1.60,1.60
2010.02.25 23:30:15.479,0.61625,0.6166,1.60,1.60
2010.02.25 23:30:16.229,0.61625,0.61665,1.60,1.60
2010.02.25 23:30:17.558,0.61615,0.6165,1.60,1.60
2010.02.25 23:30:17.768,0.6162,0.61655,1.60,1.60
2010.02.25 23:30:21.057,0.6163,0.61665,1.60,1.60
2010.02.25 23:30:22.076,0.6163,0.6167,1.60,1.60
2010.02.25 23:30:24.597,0.6164,0.61675,1.60,1.60
2010.02.25 23:30:27.191,0.61645,0.6168,1.60,1.60
2010.02.25 23:30:30.446,0.61635,0.6168,1.60,1.60
2010.02.25 23:30:32.134,0.6164,0.6168,1.60,1.60
2010.02.25 23:30:46.601,0.61645,0.6168,1.60,1.60
2010.02.25 23:30:57.129,0.61645,0.6169,1.60,1.60
2010.02.25 23:31:36.759,0.61645,0.61685,1.60,1.60
2010.02.25 23:31:46.296,0.61645,0.6168,1.60,1.60
2010.02.25 23:32:05.144,0.6164,0.6168,1.60,1.60
2010.02.25 23:32:08.222,0.61645,0.6168,1.60,1.60
2010.02.25 23:32:24.907,0.61645,0.6169,1.60,1.60
2010.02.25 23:32:25.016,0.61645,0.61695,1.60,1.60
2010.02.25 23:32:32.718,0.61655,0.61695,1.60,1.60
2010.02.25 23:32:32.925,0.6165,0.61685,1.60,1.60
2010.02.25 23:32:33.736,0.61655,0.6169,1.60,1.60
2010.02.25 23:32:34.285,0.61655,0.61695,1.60,1.60
2010.02.25 23:32:34.935,0.6166,0.61695,1.60,1.60
2010.02.25 23:32:35.705,0.61665,0.617,1.60,1.60
2010.02.25 23:32:37.685,0.6166,0.61695,1.60,1.60
2010.02.25 23:32:40.486,0.61655,0.61695,1.60,1.60
2010.02.25 23:32:40.684,0.61655,0.6169,1.60,1.60
2010.02.25 23:32:49.332,0.6166,0.61695,1.60,1.60
2010.02.25 23:33:01.109,0.61655,0.6169,1.60,1.60
2010.02.25 23:33:02.476,0.6166,0.61705,1.60,1.60
2010.02.25 23:33:02.698,0.6167,0.61705,1.60,1.60
2010.02.25 23:33:02.928,0.61665,0.617,1.60,1.60
2010.02.25 23:33:03.829,0.6166,0.61695,1.60,1.60
2010.02.25 23:33:21.155,0.61655,0.6169,1.60,1.60
2010.02.25 23:33:21.464,0.6166,0.61695,1.60,1.60
2010.02.25 23:33:34.940,0.61665,0.617,1.60,1.60
2010.02.25 23:33:36.293,0.61655,0.6169,1.60,1.60
2010.02.25 23:33:45.539,0.6166,0.617,1.60,1.60
2010.02.25 23:33:46.302,0.61665,0.617,1.60,1.60
2010.02.25 23:33:56.806,0.6166,0.61695,1.60,1.60
2010.02.25 23:33:57.066,0.61665,0.617,1.60,1.60
2010.02.25 23:34:40.717,0.61675,0.6171,1.60,1.60
2010.02.25 23:34:43.274,0.6168,0.61715,1.60,1.60
2010.02.25 23:34:43.464,0.61685,0.6172,1.60,1.60
2010.02.25 23:34:59.211,0.61675,0.6171,1.60,1.60
2010.02.25 23:35:00.151,0.61675,0.6172,1.60,1.60
2010.02.25 23:35:02.440,0.61685,0.6172,1.60,1.60
2010.02.25 23:35:06.978,0.61685,0.61725,1.60,1.60
2010.02.25 23:35:12.081,0.61695,0.61735,1.60,1.60
2010.02.25 23:35:12.888,0.617,0.61735,1.60,1.60
2010.02.25 23:35:16.706,0.61695,0.6173,1.60,1.60
2010.02.25 23:35:18.666,0.6169,0.61725,1.60,1.60
2010.02.25 23:35:22.896,0.61695,0.6173,1.60,1.60
2010.02.25 23:35:25.616,0.617,0.61735,1.60,1.60
2010.02.25 23:35:26.444,0.6169,0.61725,1.60,1.60
2010.02.25 23:35:28.563,0.61685,0.61725,1.60,1.60
2010.02.25 23:35:31.614,0.6169,0.61725,1.60,1.60
2010.02.25 23:35:34.461,0.61685,0.61725,1.60,1.60
2010.02.25 23:35:50.858,0.61685,0.6173,1.60,2.00
2010.02.25 23:35:53.649,0.6168,0.61715,1.60,1.60
2010.02.25 23:35:53.757,0.61675,0.6171,1.60,1.60
2010.02.25 23:35:55.241,0.61675,0.6172,1.60,1.60
2010.02.25 23:35:59.666,0.61685,0.6172,1.60,1.60
2010.02.25 23:36:15.403,0.6168,0.6172,1.60,1.60
2010.02.25 23:36:18.941,0.6168,0.61715,1.60,1.60
2010.02.25 23:36:21.354,0.61675,0.6171,1.60,1.60
2010.02.25 23:36:36.616,0.6168,0.61715,1.60,1.60
2010.02.25 23:36:39.268,0.6167,0.6171,1.60,1.60
2010.02.25 23:36:39.526,0.61665,0.61705,1.60,1.60
2010.02.25 23:36:40.256,0.61665,0.617,1.60,1.60
2010.02.25 23:36:42.605,0.61675,0.61715,1.60,1.60
2010.02.25 23:36:43.365,0.61675,0.6171,1.60,1.60
2010.02.25 23:36:44.454,0.6167,0.61705,1.60,1.60
2010.02.25 23:36:47.486,0.61665,0.617,1.60,1.60
2010.02.25 23:36:52.133,0.6167,0.6171,1.60,1.60
2010.02.25 23:36:52.343,0.6167,0.61705,1.60,1.60
2010.02.25 23:36:55.343,0.6167,0.6171,1.60,1.60
2010.02.25 23:36:55.652,0.6167,0.61705,1.60,1.60
2010.02.25 23:36:59.064,0.6167,0.6171,1.60,1.60
2010.02.25 23:37:05.900,0.6167,0.61705,1.60,1.60
2010.02.25 23:37:11.342,0.61675,0.61715,1.60,1.60
2010.02.25 23:37:21.574,0.6168,0.61715,1.60,1.60
2010.02.25 23:37:23.515,0.61675,0.61715,1.60,1.60
2010.02.25 23:37:24.455,0.6168,0.61715,1.60,1.60
2010.02.25 23:37:28.453,0.6167,0.6171,1.60,1.60
2010.02.25 23:37:31.245,0.6167,0.61715,2.00,1.60
2010.02.25 23:37:35.213,0.61685,0.6172,1.60,1.60
2010.02.25 23:37:36.653,0.6169,0.61725,1.60,1.60
2010.02.25 23:37:45.764,0.61685,0.6172,1.60,1.60
2010.02.25 23:38:14.204,0.6168,0.61715,1.60,1.60
2010.02.25 23:38:14.415,0.61675,0.6171,1.60,1.60
2010.02.25 23:38:28.359,0.6167,0.6171,1.60,1.60
2010.02.25 23:38:33.608,0.61675,0.6171,1.60,1.60
2010.02.25 23:39:06.491,0.6168,0.61715,1.60,1.60
2010.02.25 23:39:15.019,0.61675,0.6171,1.60,1.60
2010.02.25 23:39:21.917,0.6168,0.61715,1.60,1.60
2010.02.25 23:39:28.497,0.61685,0.6172,1.60,1.60
2010.02.25 23:39:30.089,0.6169,0.61725,1.60,1.60
2010.02.25 23:39:44.832,0.61685,0.6172,1.60,1.60
2010.02.25 23:39:55.470,0.6168,0.6172,1.60,1.60
2010.02.25 23:39:55.660,0.61675,0.61715,1.60,1.60
2010.02.25 23:40:05.791,0.61685,0.6172,1.60,1.60
2010.02.25 23:40:31.222,0.6169,0.61725,1.60,1.60
2010.02.25 23:40:31.430,0.61685,0.6172,1.60,1.60
2010.02.25 23:40:39.698,0.6168,0.6172,1.60,1.60
2010.02.25 23:41:00.734,0.6168,0.61715,1.60,1.60
2010.02.25 23:41:03.584,0.6168,0.6172,1.60,1.60
2010.02.25 23:42:44.009,0.61665,0.617,1.60,1.60
2010.02.25 23:42:44.128,0.6167,0.6171,1.60,1.60
2010.02.25 23:42:45.128,0.61675,0.61715,1.60,1.60
2010.02.25 23:42:47.178,0.6167,0.61705,1.60,1.60
2010.02.25 23:42:49.788,0.6167,0.6171,1.60,1.60
2010.02.25 23:42:53.097,0.61665,0.61705,1.60,1.60
2010.02.25 23:43:00.274,0.6167,0.6171,1.60,1.60
2010.02.25 23:43:02.903,0.61665,0.6171,1.60,1.60
2010.02.25 23:43:03.723,0.6166,0.61705,1.60,1.60
2010.02.25 23:43:09.013,0.6166,0.61695,1.60,1.60
2010.02.25 23:43:15.839,0.6166,0.61705,1.60,1.60
2010.02.25 23:43:20.589,0.61655,0.61695,1.60,1.60
2010.02.25 23:43:23.870,0.6166,0.61695,1.60,1.60
2010.02.25 23:43:34.730,0.6166,0.61705,1.60,1.60
2010.02.25 23:43:45.054,0.6166,0.61695,1.60,1.60
2010.02.25 23:44:11.393,0.6165,0.6169,1.60,1.60
2010.02.25 23:44:14.936,0.6165,0.61685,1.60,1.60
2010.02.25 23:44:21.293,0.61645,0.6168,1.60,1.60
2010.02.25 23:44:22.185,0.6164,0.61675,1.60,1.60
2010.02.25 23:45:09.753,0.61635,0.61675,1.60,1.60
2010.02.25 23:45:10.624,0.61635,0.6167,1.60,1.60
2010.02.25 23:45:11.023,0.6164,0.61675,1.60,1.60
2010.02.25 23:45:16.910,0.6163,0.61675,1.60,1.60
2010.02.25 23:45:18.271,0.6164,0.61675,1.60,1.60
2010.02.25 23:45:21.508,0.6163,0.61675,1.60,1.60
2010.02.25 23:45:22.640,0.6164,0.61675,1.60,1.60
2010.02.25 23:45:34.516,0.61635,0.6167,1.60,1.60
2010.02.25 23:45:35.646,0.6163,0.61665,1.60,1.60
2010.02.25 23:45:36.876,0.61635,0.6167,1.60,1.60
2010.02.25 23:45:38.421,0.6163,0.61665,1.60,1.60
2010.02.25 23:45:38.756,0.61635,0.6167,1.60,1.60
2010.02.25 23:45:39.825,0.6163,0.61665,1.60,1.60
2010.02.25 23:45:40.668,0.61625,0.6166,1.60,1.60
2010.02.25 23:45:41.655,0.61615,0.6165,1.60,1.60
2010.02.25 23:45:42.505,0.6162,0.61655,1.60,1.60
2010.02.25 23:46:06.562,0.61625,0.6166,1.60,1.60
2010.02.25 23:46:07.199,0.6163,0.61665,1.60,1.60
2010.02.25 23:46:16.418,0.61625,0.6166,1.60,1.60
2010.02.25 23:46:17.197,0.6163,0.61665,1.60,1.60
2010.02.25 23:46:17.327,0.61625,0.6166,1.60,1.60
2010.02.25 23:47:09.975,0.61615,0.6165,1.60,1.60
2010.02.25 23:47:10.494,0.61625,0.6166,1.60,1.60
2010.02.25 23:47:13.273,0.6162,0.61655,1.60,1.60
2010.02.25 23:47:22.632,0.61615,0.61655,1.60,1.60
2010.02.25 23:47:29.209,0.6162,0.61655,1.60,1.60
2010.02.25 23:47:30.589,0.61625,0.61665,1.60,1.60
2010.02.25 23:47:30.799,0.6163,0.61665,1.60,1.60
2010.02.25 23:47:31.009,0.6163,0.61675,1.60,1.60
2010.02.25 23:47:31.428,0.6163,0.61665,1.60,1.60
2010.02.25 23:47:37.530,0.61635,0.6167,1.60,1.60
2010.02.25 23:47:52.274,0.6164,0.61675,1.60,1.60
2010.02.25 23:48:36.463,0.61635,0.6167,1.60,1.60
2010.02.25 23:48:36.554,0.6164,0.61675,1.60,1.60
2010.02.25 23:48:46.255,0.61635,0.6167,1.60,1.60
2010.02.25 23:48:55.631,0.6163,0.61665,1.60,1.60
2010.02.25 23:49:00.707,0.61635,0.6167,1.60,1.60
2010.02.25 23:49:02.438,0.6164,0.6168,1.60,1.60
2010.02.25 23:49:05.358,0.6164,0.61675,1.60,1.60
2010.02.25 23:49:13.174,0.6164,0.6168,1.60,1.60
2010.02.25 23:49:14.974,0.61635,0.6167,1.60,1.60
2010.02.25 23:49:16.514,0.6164,0.61675,1.60,1.60
2010.02.25 23:49:20.234,0.61635,0.6167,1.60,1.60
2010.02.25 23:49:20.683,0.6163,0.61665,1.60,1.60
2010.02.25 23:49:20.833,0.61625,0.61665,1.60,1.60
2010.02.25 23:49:20.983,0.6163,0.61665,1.60,1.60
2010.02.25 23:49:21.744,0.6163,0.61675,1.60,1.60
2010.02.25 23:49:21.983,0.6163,0.61665,1.60,1.60
2010.02.25 23:49:27.981,0.61635,0.6167,1.60,1.60
2010.02.25 23:49:28.740,0.6164,0.61675,1.60,1.60
2010.02.25 23:49:33.359,0.61635,0.6167,1.60,1.60
2010.02.25 23:50:51.371,0.6164,0.61675,1.60,1.60
2010.02.25 23:50:53.920,0.61635,0.6167,1.60,1.60
2010.02.25 23:51:00.548,0.6163,0.6168,2.00,1.60
2010.02.25 23:51:10.747,0.6164,0.61675,1.60,1.60
2010.02.25 23:52:18.622,0.61645,0.6168,1.60,1.60
2010.02.25 23:52:31.909,0.61645,0.61685,1.60,1.60
2010.02.25 23:53:18.247,0.61645,0.6168,1.60,1.60
2010.02.25 23:53:28.663,0.61645,0.61685,1.60,1.60
2010.02.25 23:54:19.442,0.61645,0.6168,1.60,1.60
2010.02.25 23:54:25.659,0.61645,0.61685,1.60,1.60
2010.02.25 23:54:36.417,0.61645,0.6168,1.60,1.60
2010.02.25 23:54:41.505,0.61645,0.61685,1.60,1.60
2010.02.25 23:54:55.033,0.61645,0.6168,1.60,1.60
2010.02.25 23:54:57.122,0.6164,0.61675,1.60,1.60
2010.02.25 23:54:57.464,0.61635,0.6167,1.60,1.60
2010.02.25 23:54:57.691,0.6163,0.61665,1.60,1.60
2010.02.25 23:54:58.633,0.61625,0.6166,1.60,1.60
2010.02.25 23:55:06.159,0.6162,0.61655,1.60,1.60
2010.02.25 23:55:06.439,0.61615,0.6166,1.60,1.60
2010.02.25 23:57:03.442,0.61615,0.61655,1.60,1.60
2010.02.25 23:57:08.150,0.6162,0.61665,1.60,1.60
2010.02.25 23:57:08.710,0.61615,0.6166,1.60,1.60
2010.02.25 23:57:13.998,0.6162,0.61665,1.60,1.60
2010.02.25 23:57:27.475,0.61615,0.6166,1.60,1.60
2010.02.25 23:57:39.223,0.6162,0.61665,1.60,1.60
2010.02.25 23:58:20.515,0.61635,0.61675,1.60,1.60
2010.02.25 23:58:23.519,0.6164,0.61685,1.60,1.60
2010.02.25 23:58:27.181,0.61635,0.61675,1.60,1.60
2010.02.25 23:58:27.928,0.6164,0.6168,1.60,1.60
2010.02.25 23:58:30.900,0.61635,0.6168,1.60,1.60
2010.02.25 23:58:31.020,0.6164,0.6168,1.60,1.60
2010.02.25 23:58:41.758,0.61635,0.61675,1.60,1.60
2010.02.25 23:58:56.294,0.6164,0.61675,1.60,1.60
