2010.09.09 15:00:00.320,0.6087,0.609,3.20,4.00
2010.09.09 15:00:00.666,0.6087,0.60905,4.80,3.20
2010.09.09 15:00:01.522,0.60875,0.60905,1.60,1.60
2010.09.09 15:00:01.784,0.60875,0.60905,1.60,1.70
2010.09.09 15:00:02.833,0.60875,0.60905,1.70,1.60
2010.09.09 15:00:03.173,0.60875,0.60905,2.40,1.70
2010.09.09 15:00:03.965,0.60875,0.609,1.60,1.00
2010.09.09 15:00:04.164,0.6087,0.609,8.10,3.20
2010.09.09 15:00:04.789,0.6087,0.609,1.00,3.20
2010.09.09 15:00:05.140,0.6087,0.609,1.00,1.60
2010.09.09 15:00:05.488,0.6087,0.609,1.00,1.00
2010.09.09 15:00:06.350,0.6087,0.609,5.20,2.40
2010.09.09 15:00:06.653,0.6087,0.609,6.80,2.40
2010.09.09 15:00:07.560,0.60875,0.6091,5.30,4.10
2010.09.09 15:00:09.145,0.60875,0.609,1.60,1.00
2010.09.09 15:00:09.394,0.60875,0.609,1.60,2.40
2010.09.09 15:00:09.642,0.60875,0.60905,1.60,1.60
2010.09.09 15:00:10.267,0.6087,0.60905,10.80,3.20
2010.09.09 15:00:10.596,0.60875,0.60905,1.60,1.60
2010.09.09 15:00:11.347,0.60875,0.60905,1.70,1.60
2010.09.09 15:00:11.825,0.60875,0.6091,4.40,4.00
2010.09.09 15:00:12.765,0.60875,0.6091,4.80,4.00
2010.09.09 15:00:13.464,0.60875,0.6091,5.60,4.00
2010.09.09 15:00:14.572,0.6087,0.609,5.70,1.00
2010.09.09 15:00:14.664,0.6087,0.609,5.70,3.20
2010.09.09 15:00:15.314,0.6087,0.609,3.30,3.20
2010.09.09 15:00:15.417,0.6087,0.609,3.30,2.40
2010.09.09 15:00:16.881,0.6087,0.609,3.30,3.20
2010.09.09 15:00:22.187,0.6087,0.609,3.20,3.20
2010.09.09 15:00:23.522,0.6087,0.609,3.20,3.20
2010.09.09 15:00:26.606,0.6087,0.609,3.20,3.20
2010.09.09 15:00:29.821,0.6087,0.609,3.20,3.30
2010.09.09 15:00:32.752,0.6087,0.609,3.30,3.20
2010.09.09 15:00:33.797,0.6087,0.609,3.20,3.20
2010.09.09 15:00:34.156,0.6086,0.60895,4.10,4.00
2010.09.09 15:00:34.337,0.6086,0.6089,2.40,1.60
2010.09.09 15:00:35.196,0.6086,0.6089,1.00,3.20
2010.09.09 15:00:35.424,0.6086,0.6089,8.00,2.40
2010.09.09 15:00:35.652,0.6086,0.6089,10.40,2.40
2010.09.09 15:00:35.882,0.6086,0.6089,10.50,2.40
2010.09.09 15:00:36.787,0.6086,0.60885,1.00,1.00
2010.09.09 15:00:37.116,0.6086,0.6089,3.20,2.40
2010.09.09 15:00:38.030,0.6086,0.60895,4.00,3.20
2010.09.09 15:00:38.306,0.60865,0.60895,1.60,1.70
2010.09.09 15:00:39.116,0.60865,0.60895,2.40,1.00
2010.09.09 15:00:39.792,0.60865,0.60895,1.60,1.60
2010.09.09 15:00:40.620,0.6087,0.60895,1.00,5.60
2010.09.09 15:00:40.897,0.6087,0.609,3.20,4.00
2010.09.09 15:00:41.173,0.6087,0.609,3.30,4.00
2010.09.09 15:00:47.945,0.6087,0.60895,2.40,1.00
2010.09.09 15:00:48.288,0.60865,0.60895,2.50,1.00
2010.09.09 15:00:52.909,0.60865,0.60895,1.70,1.00
2010.09.09 15:00:53.257,0.60865,0.60895,1.60,1.00
2010.09.09 15:00:53.944,0.60865,0.60895,1.70,1.00
2010.09.09 15:00:54.755,0.60865,0.60895,1.60,1.00
2010.09.09 15:00:57.348,0.60865,0.60895,2.40,1.00
2010.09.09 15:00:57.673,0.60865,0.60895,1.60,1.00
2010.09.09 15:01:01.272,0.60865,0.60895,2.40,1.00
2010.09.09 15:01:02.037,0.60865,0.60895,1.60,1.00
2010.09.09 15:01:02.523,0.60865,0.60895,1.60,1.00
2010.09.09 15:01:03.443,0.60865,0.60895,1.60,1.00
2010.09.09 15:01:08.046,0.60865,0.60895,1.60,1.00
2010.09.09 15:01:08.405,0.60865,0.60895,1.60,1.00
2010.09.09 15:01:14.209,0.6087,0.60895,1.00,1.00
2010.09.09 15:01:20.166,0.60865,0.60895,1.70,1.00
2010.09.09 15:01:21.363,0.6087,0.609,2.40,7.20
2010.09.09 15:01:22.658,0.6087,0.609,2.40,5.60
2010.09.09 15:01:22.721,0.60875,0.60905,1.60,1.60
2010.09.09 15:01:23.466,0.60875,0.60905,1.60,1.60
2010.09.09 15:01:24.314,0.60875,0.6091,4.90,15.60
2010.09.09 15:01:25.035,0.6088,0.60915,2.40,2.40
2010.09.09 15:01:25.172,0.60885,0.60915,1.00,1.60
2010.09.09 15:01:25.930,0.6089,0.60915,2.40,1.60
2010.09.09 15:01:26.281,0.609,0.6093,2.40,4.00
2010.09.09 15:01:27.828,0.609,0.60925,1.00,1.00
2010.09.09 15:01:28.702,0.60895,0.60925,2.50,1.00
2010.09.09 15:01:29.406,0.609,0.6093,2.40,2.40
2010.09.09 15:01:29.822,0.609,0.6093,2.50,2.40
2010.09.09 15:01:30.985,0.609,0.6093,1.00,2.40
2010.09.09 15:01:31.252,0.609,0.6093,2.40,2.40
2010.09.09 15:01:31.522,0.60895,0.6093,6.40,3.20
2010.09.09 15:01:39.303,0.60895,0.6093,1.60,3.20
2010.09.09 15:01:42.953,0.60895,0.6093,6.40,3.20
2010.09.09 15:01:43.373,0.60895,0.60925,6.40,1.00
2010.09.09 15:01:44.082,0.60895,0.60925,6.40,1.00
2010.09.09 15:01:44.360,0.6089,0.60925,2.40,2.40
2010.09.09 15:01:45.283,0.6089,0.60925,7.20,2.40
2010.09.09 15:01:45.635,0.60895,0.60925,1.00,2.40
2010.09.09 15:01:47.010,0.60895,0.60925,1.70,1.00
2010.09.09 15:01:47.333,0.60905,0.6093,1.00,3.20
2010.09.09 15:01:47.637,0.60905,0.60935,1.00,12.40
2010.09.09 15:01:48.243,0.60905,0.60935,1.00,2.40
2010.09.09 15:01:48.399,0.60905,0.6093,1.00,2.40
2010.09.09 15:01:49.434,0.60905,0.6093,1.00,2.40
2010.09.09 15:01:49.648,0.6091,0.6093,1.00,2.40
2010.09.09 15:01:49.866,0.6091,0.6094,1.00,6.40
2010.09.09 15:01:52.296,0.6091,0.6094,1.00,6.40
2010.09.09 15:01:53.233,0.60905,0.6094,3.20,6.40
2010.09.09 15:01:53.472,0.6091,0.6094,1.00,6.40
2010.09.09 15:01:55.836,0.60905,0.6094,3.20,6.40
2010.09.09 15:01:56.134,0.6091,0.6094,1.00,6.40
2010.09.09 15:01:56.987,0.60905,0.6094,3.20,6.40
2010.09.09 15:01:57.402,0.6091,0.6094,1.00,6.40
2010.09.09 15:01:58.749,0.60905,0.6094,3.20,6.40
2010.09.09 15:01:59.342,0.60905,0.60935,3.20,1.60
2010.09.09 15:01:59.392,0.60905,0.6094,3.20,6.40
2010.09.09 15:01:59.961,0.60905,0.6094,4.80,4.80
2010.09.09 15:02:00.016,0.6091,0.6094,4.00,1.00
2010.09.09 15:02:00.504,0.6091,0.60935,3.20,1.00
2010.09.09 15:02:01.316,0.60905,0.60935,1.00,2.40
2010.09.09 15:02:01.543,0.609,0.60935,12.10,2.40
2010.09.09 15:02:02.163,0.609,0.6093,11.30,3.20
2010.09.09 15:02:02.469,0.60905,0.6094,2.50,10.40
2010.09.09 15:02:02.765,0.6091,0.6094,1.00,3.20
2010.09.09 15:02:04.911,0.6091,0.6094,1.00,3.20
2010.09.09 15:02:05.233,0.6091,0.6094,4.10,1.00
2010.09.09 15:02:06.741,0.60915,0.60945,1.00,3.20
2010.09.09 15:02:06.852,0.60915,0.60945,1.00,4.80
2010.09.09 15:02:07.520,0.60915,0.60945,1.00,4.00
2010.09.09 15:02:07.643,0.6092,0.6095,2.50,4.00
2010.09.09 15:02:08.865,0.6092,0.60955,4.00,10.40
2010.09.09 15:02:09.082,0.60925,0.60955,1.60,1.60
2010.09.09 15:02:09.842,0.60925,0.60955,1.60,1.70
2010.09.09 15:02:10.963,0.60925,0.6095,1.60,3.20
2010.09.09 15:02:13.172,0.6092,0.6095,1.00,3.20
2010.09.09 15:02:15.908,0.60915,0.60935,4.80,1.00
2010.09.09 15:02:16.239,0.60905,0.60935,11.20,1.00
2010.09.09 15:02:16.991,0.60905,0.60935,1.60,1.00
2010.09.09 15:02:18.095,0.60905,0.60935,1.60,1.00
2010.09.09 15:02:18.848,0.609,0.6093,4.90,4.00
2010.09.09 15:02:19.159,0.60895,0.60925,2.40,1.60
2010.09.09 15:02:20.059,0.60895,0.60925,1.70,1.60
2010.09.09 15:02:20.875,0.60895,0.60925,1.60,1.60
2010.09.09 15:02:21.194,0.60895,0.6092,1.60,1.00
2010.09.09 15:02:21.937,0.6089,0.6092,3.30,3.20
2010.09.09 15:02:26.440,0.6089,0.6092,4.10,2.40
2010.09.09 15:02:27.342,0.6089,0.6092,2.40,2.40
2010.09.09 15:02:29.398,0.6089,0.6092,2.50,2.40
2010.09.09 15:02:30.413,0.60895,0.6092,1.00,2.40
2010.09.09 15:02:30.536,0.60895,0.6092,1.00,2.40
2010.09.09 15:02:35.437,0.6089,0.6092,3.20,2.40
2010.09.09 15:02:36.332,0.60895,0.6092,1.00,2.40
2010.09.09 15:02:37.685,0.60895,0.6092,1.00,2.40
2010.09.09 15:02:40.121,0.609,0.60925,1.00,2.40
2010.09.09 15:02:40.292,0.609,0.60925,1.00,1.00
2010.09.09 15:02:40.452,0.60895,0.6092,1.60,1.00
2010.09.09 15:02:40.612,0.60895,0.6092,1.60,4.00
2010.09.09 15:02:40.772,0.60895,0.6092,1.60,3.20
2010.09.09 15:02:41.611,0.60895,0.6092,1.00,1.00
2010.09.09 15:02:51.029,0.60895,0.6092,1.00,1.60
2010.09.09 15:02:51.358,0.60895,0.6092,1.00,1.00
2010.09.09 15:02:52.932,0.609,0.60925,1.00,1.00
2010.09.09 15:02:53.277,0.609,0.6093,1.00,3.20
2010.09.09 15:02:54.314,0.60905,0.6093,1.00,3.20
2010.09.09 15:02:55.963,0.60905,0.6093,1.00,3.20
2010.09.09 15:03:01.015,0.60905,0.6093,1.00,2.40
2010.09.09 15:03:06.622,0.6091,0.6093,1.00,2.40
2010.09.09 15:03:08.096,0.6091,0.6094,1.00,4.40
2010.09.09 15:03:08.313,0.6091,0.6094,2.40,5.60
2010.09.09 15:03:09.662,0.6091,0.6094,2.50,5.60
2010.09.09 15:03:10.297,0.6091,0.6094,1.00,4.00
2010.09.09 15:03:10.581,0.6091,0.6094,1.00,4.80
2010.09.09 15:03:12.572,0.6091,0.60935,1.00,3.20
2010.09.09 15:03:12.913,0.6091,0.6093,1.00,2.40
2010.09.09 15:03:20.427,0.60905,0.6093,1.00,1.00
2010.09.09 15:03:20.625,0.609,0.6093,1.00,1.00
2010.09.09 15:03:23.015,0.609,0.6093,2.40,1.00
2010.09.09 15:03:23.339,0.60905,0.6093,1.00,1.00
2010.09.09 15:03:28.176,0.609,0.60925,1.00,2.40
2010.09.09 15:03:30.765,0.609,0.60925,1.00,1.60
2010.09.09 15:03:30.832,0.60905,0.60925,1.00,1.60
2010.09.09 15:03:31.785,0.60905,0.6093,1.00,1.00
2010.09.09 15:03:32.074,0.609,0.6093,1.00,1.00
2010.09.09 15:03:32.365,0.609,0.6093,1.00,1.00
2010.09.09 15:03:33.645,0.60905,0.6093,1.00,1.00
2010.09.09 15:03:37.994,0.60895,0.60925,1.00,1.60
2010.09.09 15:03:38.196,0.609,0.60925,2.40,1.60
2010.09.09 15:03:40.513,0.609,0.6093,2.40,1.00
2010.09.09 15:03:44.864,0.609,0.6093,2.40,1.00
2010.09.09 15:03:48.602,0.60895,0.6093,6.40,3.20
2010.09.09 15:03:49.404,0.60895,0.6093,1.60,3.20
2010.09.09 15:03:55.904,0.609,0.6093,1.00,3.20
2010.09.09 15:03:57.253,0.609,0.6093,2.40,1.00
2010.09.09 15:04:05.514,0.609,0.60935,7.30,16.00
2010.09.09 15:04:05.644,0.609,0.60935,14.50,13.60
2010.09.09 15:04:05.984,0.60905,0.60935,1.00,13.60
2010.09.09 15:04:07.088,0.60905,0.60935,1.00,13.60
2010.09.09 15:04:09.905,0.60905,0.60935,1.00,12.80
2010.09.09 15:04:10.014,0.60905,0.60935,1.00,11.20
2010.09.09 15:04:10.604,0.60905,0.60935,1.00,12.00
2010.09.09 15:04:10.775,0.60905,0.60935,4.90,1.60
2010.09.09 15:04:14.922,0.60905,0.60935,9.70,1.60
2010.09.09 15:04:15.121,0.60905,0.60935,12.10,1.60
2010.09.09 15:04:15.322,0.60905,0.60935,7.30,1.60
2010.09.09 15:04:15.522,0.60905,0.60935,4.90,1.60
2010.09.09 15:04:16.992,0.60905,0.60935,4.80,1.60
2010.09.09 15:04:18.090,0.60905,0.60935,4.80,2.40
2010.09.09 15:04:18.492,0.609,0.60935,14.50,2.40
2010.09.09 15:04:26.772,0.60905,0.60935,1.00,2.40
2010.09.09 15:04:27.638,0.609,0.60935,14.40,2.80
2010.09.09 15:04:27.751,0.609,0.60935,4.00,15.60
2010.09.09 15:04:27.854,0.609,0.6093,2.40,1.00
2010.09.09 15:04:28.736,0.609,0.60925,4.80,2.40
2010.09.09 15:04:29.077,0.60895,0.60925,1.00,13.60
2010.09.09 15:04:29.305,0.609,0.60925,2.40,1.60
2010.09.09 15:04:29.532,0.609,0.6093,2.40,10.40
2010.09.09 15:04:30.284,0.609,0.6093,2.40,10.40
2010.09.09 15:04:32.374,0.609,0.6093,1.00,12.80
2010.09.09 15:04:32.623,0.609,0.6093,1.00,16.00
2010.09.09 15:04:32.824,0.609,0.6093,1.00,18.40
2010.09.09 15:04:34.114,0.60895,0.60925,7.20,1.00
2010.09.09 15:04:34.454,0.60895,0.60925,2.40,5.60
2010.09.09 15:04:35.622,0.60895,0.60925,8.00,1.00
2010.09.09 15:04:35.863,0.609,0.60925,1.00,4.80
2010.09.09 15:04:36.113,0.609,0.6093,2.50,5.60
2010.09.09 15:04:38.576,0.609,0.6093,2.50,6.40
2010.09.09 15:04:39.286,0.609,0.6093,1.00,17.20
2010.09.09 15:04:39.442,0.609,0.60925,1.00,1.00
2010.09.09 15:04:39.603,0.60895,0.60925,8.00,1.00
2010.09.09 15:04:40.894,0.609,0.6093,1.00,17.20
2010.09.09 15:04:41.502,0.609,0.60925,1.00,1.00
2010.09.09 15:04:42.799,0.60895,0.60925,8.00,1.00
2010.09.09 15:04:45.953,0.60895,0.60925,8.10,1.00
2010.09.09 15:04:46.564,0.609,0.60925,1.00,1.00
2010.09.09 15:04:46.786,0.60895,0.60925,8.10,1.00
2010.09.09 15:04:46.913,0.60895,0.60925,7.30,1.00
2010.09.09 15:04:47.784,0.60885,0.60915,2.50,8.00
2010.09.09 15:04:47.993,0.60885,0.60915,1.00,9.60
2010.09.09 15:04:48.578,0.60885,0.60915,1.00,10.00
2010.09.09 15:04:48.924,0.60885,0.60915,1.00,10.00
2010.09.09 15:04:49.254,0.60885,0.60915,1.00,10.00
2010.09.09 15:04:51.144,0.60885,0.60915,9.70,2.80
2010.09.09 15:04:51.325,0.60885,0.60915,9.70,3.60
2010.09.09 15:04:51.963,0.60885,0.60915,4.90,5.20
2010.09.09 15:04:52.279,0.60885,0.60915,1.00,9.20
2010.09.09 15:04:52.585,0.60885,0.60915,12.10,2.40
2010.09.09 15:04:52.703,0.60885,0.60915,12.00,2.40
2010.09.09 15:04:53.355,0.60885,0.60915,12.00,2.40
2010.09.09 15:04:55.826,0.60885,0.60915,4.80,2.40
2010.09.09 15:04:57.776,0.60885,0.60915,4.90,10.00
2010.09.09 15:04:58.002,0.60885,0.60915,1.00,14.80
2010.09.09 15:04:58.990,0.60885,0.60915,1.00,14.80
2010.09.09 15:05:01.182,0.6088,0.60915,16.10,12.40
2010.09.09 15:05:01.905,0.60885,0.60915,4.80,2.40
2010.09.09 15:05:02.894,0.60885,0.60915,4.90,2.40
2010.09.09 15:05:07.223,0.6089,0.60915,2.40,2.40
2010.09.09 15:05:07.351,0.6089,0.60915,2.40,1.00
2010.09.09 15:05:07.552,0.6089,0.60915,2.50,1.00
2010.09.09 15:05:08.185,0.6089,0.6092,2.50,16.00
2010.09.09 15:05:08.772,0.6089,0.6092,2.50,15.60
2010.09.09 15:05:09.335,0.6089,0.6092,2.50,15.20
2010.09.09 15:05:10.826,0.6089,0.60915,2.40,1.00
2010.09.09 15:05:11.040,0.6089,0.6092,2.40,15.70
2010.09.09 15:05:11.241,0.6089,0.6092,2.40,15.30
2010.09.09 15:05:11.442,0.6089,0.6092,2.50,15.20
2010.09.09 15:05:11.642,0.6089,0.6092,2.40,15.20
2010.09.09 15:05:19.443,0.60895,0.6092,1.00,14.40
2010.09.09 15:05:20.185,0.60895,0.60925,1.60,14.40
2010.09.09 15:05:20.403,0.60895,0.60925,2.40,10.40
2010.09.09 15:05:21.705,0.60895,0.60925,1.00,12.40
2010.09.09 15:05:23.949,0.60895,0.6092,1.00,1.00
2010.09.09 15:05:24.087,0.6089,0.6092,4.80,7.20
2010.09.09 15:05:24.214,0.6089,0.6092,1.00,7.20
2010.09.09 15:05:24.602,0.6089,0.6092,1.00,12.00
2010.09.09 15:05:24.824,0.6089,0.6092,1.00,12.00
2010.09.09 15:05:25.441,0.6089,0.6092,2.50,12.00
2010.09.09 15:05:25.648,0.60895,0.60925,1.00,13.60
2010.09.09 15:05:25.854,0.60895,0.60925,10.40,4.00
2010.09.09 15:05:26.063,0.60895,0.6093,14.40,4.80
2010.09.09 15:05:26.329,0.60895,0.6093,14.40,5.20
2010.09.09 15:05:27.021,0.609,0.6093,1.00,5.20
2010.09.09 15:05:27.244,0.60895,0.6093,14.50,5.30
2010.09.09 15:05:27.895,0.609,0.60925,3.30,1.00
2010.09.09 15:05:28.124,0.609,0.60925,1.00,1.00
2010.09.09 15:05:28.950,0.609,0.60925,1.00,1.60
2010.09.09 15:05:29.296,0.609,0.6093,2.50,10.40
2010.09.09 15:05:30.921,0.609,0.6093,2.50,5.60
2010.09.09 15:05:31.189,0.609,0.6093,2.50,10.40
2010.09.09 15:05:33.495,0.609,0.6093,3.30,10.40
2010.09.09 15:05:33.673,0.609,0.6093,4.10,5.60
2010.09.09 15:05:33.762,0.609,0.6093,4.10,1.00
2010.09.09 15:05:34.694,0.609,0.6093,2.40,18.00
2010.09.09 15:05:35.443,0.609,0.6093,2.40,18.10
2010.09.09 15:05:36.084,0.609,0.6093,2.50,18.00
2010.09.09 15:05:36.325,0.609,0.6093,2.40,18.10
2010.09.09 15:05:36.900,0.609,0.6093,2.50,18.00
2010.09.09 15:05:37.486,0.609,0.6093,2.40,18.00
2010.09.09 15:05:42.306,0.609,0.6093,2.40,18.00
2010.09.09 15:05:42.882,0.609,0.6093,2.40,18.10
2010.09.09 15:05:49.284,0.609,0.6093,2.50,18.00
2010.09.09 15:05:49.976,0.609,0.6093,2.50,17.20
2010.09.09 15:05:50.258,0.609,0.6093,2.40,18.00
2010.09.09 15:05:50.992,0.609,0.60925,2.40,1.00
2010.09.09 15:05:51.142,0.60895,0.60925,6.40,1.00
2010.09.09 15:05:51.854,0.609,0.6093,2.40,18.00
2010.09.09 15:05:53.653,0.609,0.6093,3.20,18.00
2010.09.09 15:05:53.841,0.609,0.6093,11.20,1.00
2010.09.09 15:05:54.446,0.60905,0.6093,1.00,1.00
2010.09.09 15:05:55.535,0.609,0.6093,8.80,1.00
2010.09.09 15:05:57.226,0.60905,0.6093,1.00,1.00
2010.09.09 15:05:57.485,0.609,0.6093,2.50,1.00
2010.09.09 15:05:57.618,0.609,0.6093,7.30,1.00
2010.09.09 15:06:00.353,0.609,0.6093,8.90,1.00
2010.09.09 15:06:04.659,0.60905,0.6093,1.00,1.00
2010.09.09 15:06:05.294,0.60905,0.60935,1.00,17.20
2010.09.09 15:06:05.415,0.60905,0.60935,1.00,13.60
2010.09.09 15:06:06.522,0.60905,0.60935,1.00,8.80
2010.09.09 15:06:06.792,0.60905,0.60935,1.00,4.00
2010.09.09 15:06:11.503,0.6091,0.60935,1.00,4.00
2010.09.09 15:06:11.763,0.6091,0.60935,1.00,4.00
2010.09.09 15:06:11.874,0.6091,0.60935,3.20,1.60
2010.09.09 15:06:11.984,0.6091,0.6094,3.20,7.20
2010.09.09 15:06:12.735,0.6091,0.60935,1.00,1.00
2010.09.09 15:06:19.558,0.6091,0.60935,1.00,2.40
2010.09.09 15:06:19.746,0.60905,0.60935,6.80,2.80
2010.09.09 15:06:19.807,0.60905,0.6093,6.90,1.00
2010.09.09 15:06:19.871,0.60905,0.6093,6.50,1.00
2010.09.09 15:06:20.462,0.60905,0.6093,1.70,1.00
2010.09.09 15:06:20.532,0.60905,0.6093,1.00,1.00
2010.09.09 15:06:20.667,0.60905,0.60935,1.00,14.80
2010.09.09 15:06:21.564,0.60905,0.6093,1.00,1.00
2010.09.09 15:06:24.446,0.60905,0.60935,1.00,14.80
2010.09.09 15:06:25.163,0.60905,0.6093,1.00,1.00
2010.09.09 15:06:27.002,0.60905,0.6093,1.00,1.00
2010.09.09 15:06:28.977,0.60905,0.60935,1.00,17.20
2010.09.09 15:06:34.572,0.60905,0.60935,1.00,17.20
2010.09.09 15:06:37.179,0.60905,0.60935,1.00,12.40
2010.09.09 15:06:37.365,0.60905,0.60935,1.00,10.00
2010.09.09 15:06:44.242,0.60905,0.60935,1.00,12.40
2010.09.09 15:06:44.392,0.60905,0.60935,1.00,17.20
2010.09.09 15:06:44.646,0.60905,0.6093,1.00,1.00
2010.09.09 15:06:44.802,0.60905,0.6093,1.00,1.00
2010.09.09 15:06:45.572,0.609,0.60925,4.80,1.60
2010.09.09 15:06:45.727,0.60895,0.6092,11.30,1.00
2010.09.09 15:06:45.885,0.60895,0.6092,1.70,1.00
2010.09.09 15:06:46.714,0.60895,0.6092,1.00,1.00
2010.09.09 15:06:57.922,0.60895,0.60925,1.00,7.60
2010.09.09 15:06:58.867,0.60895,0.60925,1.00,2.40
2010.09.09 15:06:59.210,0.60895,0.60925,2.50,1.00
2010.09.09 15:07:01.593,0.609,0.60925,1.00,1.00
2010.09.09 15:07:02.855,0.609,0.60925,1.00,5.60
2010.09.09 15:07:03.009,0.60895,0.60925,2.50,1.00
2010.09.09 15:07:08.428,0.60895,0.60925,7.30,1.00
2010.09.09 15:07:08.643,0.60895,0.60925,12.10,1.00
2010.09.09 15:07:09.072,0.60895,0.60925,7.30,1.00
2010.09.09 15:07:10.089,0.609,0.6093,1.00,10.40
2010.09.09 15:07:10.293,0.60905,0.6093,1.00,1.00
2010.09.09 15:07:10.493,0.609,0.6093,4.50,1.00
2010.09.09 15:07:11.960,0.609,0.60925,4.50,1.00
2010.09.09 15:07:12.117,0.60895,0.60925,14.80,1.00
2010.09.09 15:07:12.413,0.60895,0.60925,5.20,1.00
2010.09.09 15:07:18.060,0.60895,0.60925,6.00,1.00
2010.09.09 15:07:18.336,0.609,0.6093,1.00,17.60
2010.09.09 15:07:18.608,0.60905,0.6093,1.20,4.80
2010.09.09 15:07:19.507,0.6091,0.60935,2.80,1.00
2010.09.09 15:07:19.804,0.6091,0.60935,1.00,1.00
2010.09.09 15:07:21.013,0.6091,0.60935,1.00,10.40
2010.09.09 15:07:21.333,0.6091,0.60935,1.00,1.00
2010.09.09 15:07:22.463,0.6091,0.60935,1.00,2.40
2010.09.09 15:07:24.952,0.6091,0.6093,1.00,1.00
2010.09.09 15:07:25.095,0.60905,0.6093,3.20,1.00
2010.09.09 15:07:25.203,0.60905,0.6093,1.00,1.00
2010.09.09 15:07:25.286,0.60905,0.60935,1.00,16.00
2010.09.09 15:07:26.218,0.60905,0.60935,1.00,14.80
2010.09.09 15:07:26.755,0.60905,0.60935,1.00,14.40
2010.09.09 15:07:29.363,0.60905,0.60935,1.00,14.40
2010.09.09 15:07:31.691,0.60905,0.60935,1.00,14.40
2010.09.09 15:07:42.864,0.60905,0.60935,1.00,7.20
2010.09.09 15:07:43.067,0.60905,0.60935,1.00,2.40
2010.09.09 15:07:47.082,0.60905,0.6093,1.00,1.00
2010.09.09 15:07:47.232,0.609,0.6093,10.90,1.00
2010.09.09 15:07:47.382,0.609,0.6093,5.30,1.00
2010.09.09 15:07:48.051,0.609,0.6093,2.90,1.00
2010.09.09 15:07:49.204,0.609,0.6093,2.50,1.00
2010.09.09 15:07:55.206,0.609,0.6093,3.30,1.00
2010.09.09 15:07:55.232,0.609,0.6093,3.70,1.00
2010.09.09 15:07:56.099,0.609,0.6093,8.90,1.00
2010.09.09 15:07:56.364,0.60905,0.6093,1.00,1.00
2010.09.09 15:07:56.806,0.609,0.6093,8.90,1.00
2010.09.09 15:07:57.473,0.60905,0.6093,1.00,1.00
2010.09.09 15:07:59.748,0.609,0.6093,8.80,1.00
2010.09.09 15:08:01.165,0.60905,0.6093,1.00,1.00
2010.09.09 15:08:01.976,0.609,0.6093,8.80,1.00
2010.09.09 15:08:02.133,0.60905,0.6093,1.00,1.00
2010.09.09 15:08:02.293,0.609,0.6093,8.80,1.00
2010.09.09 15:08:03.227,0.60905,0.60935,1.00,9.60
2010.09.09 15:08:03.452,0.60905,0.60935,1.00,14.40
2010.09.09 15:08:03.682,0.60905,0.60935,1.00,12.00
2010.09.09 15:08:04.314,0.60905,0.60935,1.00,7.20
2010.09.09 15:08:05.187,0.60905,0.6093,1.00,1.00
2010.09.09 15:08:05.253,0.609,0.6093,7.30,1.00
2010.09.09 15:08:05.946,0.609,0.6093,7.20,1.00
2010.09.09 15:08:06.013,0.60905,0.6093,1.00,1.00
2010.09.09 15:08:06.522,0.60905,0.6093,1.00,1.00
2010.09.09 15:08:07.585,0.609,0.6093,7.20,1.00
2010.09.09 15:08:09.346,0.609,0.6093,2.50,1.00
2010.09.09 15:08:12.227,0.60905,0.6093,1.00,1.00
2010.09.09 15:08:12.342,0.60905,0.6093,1.00,1.00
2010.09.09 15:08:12.822,0.60905,0.6093,1.00,2.40
2010.09.09 15:08:12.893,0.60905,0.6093,1.00,2.40
2010.09.09 15:08:12.962,0.609,0.6093,2.50,2.40
2010.09.09 15:08:13.638,0.609,0.6093,2.50,13.20
2010.09.09 15:08:13.731,0.60905,0.60925,1.00,2.40
2010.09.09 15:08:13.966,0.609,0.6092,1.00,2.80
2010.09.09 15:08:14.737,0.6089,0.6092,8.00,1.00
2010.09.09 15:08:15.075,0.6089,0.6092,1.00,6.80
2010.09.09 15:08:15.669,0.6089,0.60915,1.00,1.00
2010.09.09 15:08:16.024,0.6089,0.60915,1.00,1.60
2010.09.09 15:08:16.685,0.6089,0.6092,1.00,12.80
2010.09.09 15:08:17.548,0.6089,0.6092,2.50,10.40
2010.09.09 15:08:17.728,0.6089,0.6092,3.20,1.00
2010.09.09 15:08:18.803,0.609,0.60925,1.00,16.40
2010.09.09 15:08:19.153,0.609,0.60925,1.00,8.80
2010.09.09 15:08:19.834,0.609,0.60925,1.00,4.00
2010.09.09 15:08:20.422,0.609,0.60925,1.00,8.80
2010.09.09 15:08:23.605,0.609,0.60925,1.00,7.20
2010.09.09 15:08:24.859,0.609,0.60925,1.00,8.80
2010.09.09 15:08:25.832,0.609,0.60925,1.00,4.00
2010.09.09 15:08:27.023,0.609,0.60925,1.00,2.40
2010.09.09 15:08:27.379,0.609,0.60925,1.00,4.00
2010.09.09 15:08:29.060,0.609,0.60925,1.00,8.80
2010.09.09 15:08:29.165,0.609,0.60925,1.00,4.00
2010.09.09 15:08:30.705,0.609,0.60925,1.00,2.40
2010.09.09 15:08:32.560,0.609,0.60925,1.00,4.00
2010.09.09 15:08:36.745,0.609,0.60925,1.00,8.80
2010.09.09 15:08:39.519,0.609,0.60925,1.00,7.20
2010.09.09 15:08:39.939,0.609,0.60925,1.00,8.80
2010.09.09 15:08:40.617,0.609,0.6092,1.00,1.60
2010.09.09 15:08:40.815,0.60895,0.6092,1.00,2.40
2010.09.09 15:08:42.334,0.609,0.6092,1.00,2.40
2010.09.09 15:08:42.673,0.609,0.60925,1.00,17.20
2010.09.09 15:08:43.342,0.609,0.60925,1.00,14.80
2010.09.09 15:08:43.585,0.609,0.60925,1.00,8.80
2010.09.09 15:08:52.997,0.609,0.60925,1.00,9.60
2010.09.09 15:08:53.162,0.609,0.6092,1.00,1.60
2010.09.09 15:08:58.098,0.60895,0.6092,1.00,1.60
2010.09.09 15:08:58.304,0.60895,0.6092,1.00,2.40
2010.09.09 15:09:03.065,0.60895,0.6092,1.00,1.60
2010.09.09 15:09:03.313,0.60895,0.60925,1.20,14.00
2010.09.09 15:09:03.562,0.60895,0.60925,1.20,1.60
2010.09.09 15:09:04.446,0.609,0.60925,1.00,1.60
2010.09.09 15:09:16.306,0.609,0.60925,1.00,2.40
2010.09.09 15:09:18.777,0.609,0.60925,1.00,1.60
2010.09.09 15:09:19.699,0.609,0.60925,2.40,1.60
2010.09.09 15:09:21.030,0.609,0.6093,2.40,12.80
2010.09.09 15:09:21.259,0.609,0.60925,1.00,8.00
2010.09.09 15:09:21.484,0.609,0.60925,1.00,8.80
2010.09.09 15:09:21.712,0.609,0.60925,1.00,13.60
2010.09.09 15:09:22.350,0.609,0.60925,1.00,8.80
2010.09.09 15:09:24.103,0.609,0.60925,1.00,6.40
2010.09.09 15:09:24.854,0.60905,0.6093,1.00,12.00
2010.09.09 15:09:26.028,0.609,0.6093,2.40,12.00
2010.09.09 15:09:29.675,0.609,0.6093,1.00,18.40
2010.09.09 15:09:29.734,0.609,0.60925,1.00,1.60
2010.09.09 15:09:31.084,0.609,0.60925,1.00,1.60
2010.09.09 15:09:31.218,0.609,0.60925,1.00,2.40
2010.09.09 15:09:33.582,0.609,0.6092,1.00,1.60
2010.09.09 15:09:33.794,0.60895,0.60925,1.60,16.40
2010.09.09 15:09:34.913,0.609,0.60925,1.00,18.00
2010.09.09 15:09:34.942,0.609,0.60925,1.00,14.80
2010.09.09 15:09:35.288,0.60905,0.60925,1.00,1.60
2010.09.09 15:09:36.976,0.60905,0.60925,1.00,1.60
2010.09.09 15:09:37.324,0.60905,0.6093,1.00,16.00
2010.09.09 15:09:42.917,0.6091,0.60935,1.00,16.80
2010.09.09 15:09:42.978,0.6091,0.60935,1.00,16.40
2010.09.09 15:09:43.004,0.6091,0.60935,1.00,14.80
2010.09.09 15:09:43.155,0.6091,0.60935,1.00,13.20
2010.09.09 15:09:43.494,0.6091,0.60935,1.00,12.00
2010.09.09 15:09:44.404,0.6091,0.6094,2.50,4.80
2010.09.09 15:09:44.557,0.6091,0.6094,7.30,2.40
2010.09.09 15:09:44.879,0.6092,0.6094,1.00,2.40
2010.09.09 15:09:45.779,0.6092,0.6095,1.00,16.00
2010.09.09 15:09:46.818,0.60925,0.6095,1.00,16.00
2010.09.09 15:09:47.572,0.6092,0.6095,1.00,16.00
2010.09.09 15:09:47.824,0.60915,0.60945,7.30,1.00
2010.09.09 15:09:48.472,0.60915,0.60945,7.30,1.60
2010.09.09 15:09:48.750,0.60915,0.60945,2.10,13.20
2010.09.09 15:09:49.208,0.60915,0.60945,2.00,13.20
2010.09.09 15:09:50.086,0.6092,0.60945,1.00,13.20
2010.09.09 15:09:50.742,0.6092,0.60945,1.00,14.80
2010.09.09 15:09:52.064,0.6092,0.60945,1.00,10.00
2010.09.09 15:09:52.336,0.60915,0.60945,1.00,8.40
2010.09.09 15:09:52.645,0.6092,0.60945,1.00,8.40
2010.09.09 15:09:53.384,0.6092,0.60945,1.00,7.60
2010.09.09 15:09:53.653,0.6092,0.60945,1.00,7.20
2010.09.09 15:09:57.156,0.6092,0.6095,3.20,15.20
2010.09.09 15:10:01.641,0.6092,0.6095,3.20,12.80
2010.09.09 15:10:01.837,0.6092,0.6094,2.40,2.40
2010.09.09 15:10:01.988,0.60915,0.6094,13.20,1.60
2010.09.09 15:10:02.138,0.6092,0.6094,1.00,1.60
2010.09.09 15:10:02.835,0.6092,0.60945,3.20,1.60
2010.09.09 15:10:03.175,0.6092,0.6095,3.20,4.80
2010.09.09 15:10:03.515,0.6092,0.6095,3.20,8.00
2010.09.09 15:10:03.853,0.6092,0.6095,3.30,8.00
2010.09.09 15:10:06.194,0.6092,0.6095,3.30,3.20
2010.09.09 15:10:06.436,0.6092,0.6095,3.20,4.00
2010.09.09 15:10:07.248,0.6092,0.6095,1.00,16.80
2010.09.09 15:10:08.655,0.6092,0.6095,1.00,9.60
2010.09.09 15:10:08.923,0.6092,0.6095,1.00,9.60
2010.09.09 15:10:10.387,0.6092,0.6095,3.20,3.20
2010.09.09 15:10:11.838,0.6092,0.6095,3.30,3.20
2010.09.09 15:10:13.189,0.60925,0.6095,1.00,3.20
2010.09.09 15:10:14.814,0.6092,0.6095,3.30,3.20
2010.09.09 15:10:16.846,0.60925,0.6095,1.00,3.20
2010.09.09 15:10:17.792,0.6092,0.6095,3.30,3.20
2010.09.09 15:10:19.852,0.60925,0.6095,1.00,3.20
2010.09.09 15:10:22.182,0.6092,0.6095,3.20,3.20
2010.09.09 15:10:23.102,0.60925,0.6095,1.00,3.20
2010.09.09 15:10:28.506,0.60925,0.60955,1.00,2.80
2010.09.09 15:10:29.412,0.60925,0.60955,1.00,2.40
2010.09.09 15:10:35.075,0.6092,0.6095,1.00,5.60
2010.09.09 15:10:35.174,0.6092,0.6095,1.00,6.00
2010.09.09 15:10:38.915,0.60925,0.6095,1.00,3.20
2010.09.09 15:10:39.144,0.6092,0.6095,3.30,3.20
2010.09.09 15:10:40.925,0.60925,0.6095,1.00,3.20
2010.09.09 15:10:41.502,0.6092,0.6095,3.30,3.20
2010.09.09 15:10:44.986,0.6091,0.60935,12.00,1.00
2010.09.09 15:10:45.300,0.6091,0.6093,4.80,1.00
2010.09.09 15:10:46.045,0.60905,0.6093,6.50,1.00
2010.09.09 15:10:46.267,0.60905,0.6093,1.60,1.00
2010.09.09 15:10:47.501,0.60905,0.6093,1.70,1.00
2010.09.09 15:10:47.690,0.6092,0.6094,1.00,12.00
2010.09.09 15:10:48.766,0.6092,0.6094,1.00,9.60
2010.09.09 15:10:49.473,0.6092,0.6095,3.20,4.80
2010.09.09 15:10:50.397,0.60925,0.6095,1.00,2.40
2010.09.09 15:10:50.738,0.6092,0.6095,3.20,5.60
2010.09.09 15:10:51.765,0.6092,0.6095,3.30,5.60
2010.09.09 15:10:52.077,0.60925,0.6095,1.00,5.60
2010.09.09 15:10:52.926,0.60925,0.6095,1.00,4.80
2010.09.09 15:10:53.165,0.6093,0.60955,2.50,2.40
2010.09.09 15:10:53.396,0.60935,0.60955,1.00,2.40
2010.09.09 15:10:54.917,0.6093,0.60955,1.00,2.40
2010.09.09 15:10:58.455,0.60925,0.60955,5.70,2.40
2010.09.09 15:10:59.097,0.60925,0.60955,5.70,3.20
2010.09.09 15:10:59.354,0.60925,0.60955,1.00,3.60
2010.09.09 15:11:00.834,0.6093,0.60955,1.00,2.40
2010.09.09 15:11:02.713,0.60925,0.60955,1.00,2.40
2010.09.09 15:11:03.617,0.60925,0.60955,1.00,3.60
2010.09.09 15:11:03.924,0.60925,0.60955,1.00,13.20
2010.09.09 15:11:05.422,0.60925,0.60955,1.00,8.40
2010.09.09 15:11:05.534,0.60925,0.60955,1.00,3.60
2010.09.09 15:11:06.045,0.60925,0.60955,1.00,8.40
2010.09.09 15:11:06.156,0.6093,0.60955,1.00,6.80
2010.09.09 15:11:07.193,0.6093,0.6096,1.00,3.20
2010.09.09 15:11:07.753,0.60925,0.60955,13.70,2.00
2010.09.09 15:11:08.033,0.60925,0.60955,11.30,2.00
2010.09.09 15:11:08.839,0.60925,0.60955,1.70,2.00
2010.09.09 15:11:11.760,0.60925,0.60955,1.70,1.20
2010.09.09 15:11:11.923,0.6093,0.60955,2.50,1.00
2010.09.09 15:11:12.678,0.6093,0.60955,2.40,1.20
2010.09.09 15:11:12.898,0.60925,0.60955,1.60,10.80
2010.09.09 15:11:13.126,0.60925,0.60955,1.00,14.40
2010.09.09 15:11:14.049,0.60925,0.60955,1.00,12.00
2010.09.09 15:11:16.082,0.60925,0.60955,1.00,12.00
2010.09.09 15:11:16.800,0.60925,0.60955,1.00,11.20
2010.09.09 15:11:17.128,0.60935,0.6096,1.00,3.20
2010.09.09 15:11:18.224,0.60935,0.6096,1.00,2.40
2010.09.09 15:11:18.875,0.60935,0.60965,1.00,14.40
2010.09.09 15:11:19.094,0.60935,0.60965,4.80,7.20
2010.09.09 15:11:19.934,0.60935,0.6096,1.00,2.40
2010.09.09 15:11:20.213,0.60935,0.60965,1.00,14.40
2010.09.09 15:11:21.006,0.60935,0.60965,1.00,12.00
2010.09.09 15:11:21.254,0.60935,0.60965,1.00,14.40
2010.09.09 15:11:21.753,0.60935,0.60965,1.00,17.20
2010.09.09 15:11:22.362,0.6093,0.6096,7.30,1.00
2010.09.09 15:11:22.661,0.60935,0.6096,1.00,2.40
2010.09.09 15:11:22.956,0.60935,0.60965,1.00,14.80
2010.09.09 15:11:23.794,0.60935,0.60965,1.00,13.60
2010.09.09 15:11:24.097,0.6094,0.60965,1.00,4.00
2010.09.09 15:11:24.365,0.6094,0.60965,1.00,4.80
2010.09.09 15:11:24.634,0.6094,0.60965,1.00,5.20
2010.09.09 15:11:27.706,0.6094,0.60965,1.00,4.40
2010.09.09 15:11:27.772,0.6094,0.60965,1.00,5.20
2010.09.09 15:11:27.942,0.6094,0.60965,1.00,4.80
2010.09.09 15:11:28.013,0.60935,0.60965,1.00,4.80
2010.09.09 15:11:28.082,0.60935,0.6096,1.00,1.00
2010.09.09 15:11:29.706,0.6093,0.60955,4.80,1.00
2010.09.09 15:11:29.855,0.60925,0.60955,11.20,1.60
2010.09.09 15:11:30.006,0.60925,0.60955,4.80,3.60
2010.09.09 15:11:30.153,0.60925,0.60955,1.00,3.60
2010.09.09 15:11:30.303,0.60925,0.60955,1.00,3.60
2010.09.09 15:11:35.133,0.60925,0.6095,1.00,2.40
2010.09.09 15:11:35.426,0.60915,0.6095,13.70,16.80
2010.09.09 15:11:35.563,0.60915,0.60945,11.30,1.00
2010.09.09 15:11:35.703,0.60915,0.6095,11.30,16.80
2010.09.09 15:11:36.449,0.60915,0.60945,13.60,1.00
2010.09.09 15:11:36.797,0.60915,0.6094,1.00,1.00
2010.09.09 15:11:37.736,0.6091,0.6094,16.00,1.00
2010.09.09 15:11:38.073,0.6091,0.60945,16.00,7.20
2010.09.09 15:11:38.802,0.6092,0.60945,1.00,7.20
2010.09.09 15:11:39.055,0.6092,0.60945,1.00,2.40
2010.09.09 15:11:40.564,0.6092,0.60945,1.00,1.60
2010.09.09 15:11:40.823,0.6092,0.60945,2.40,2.40
2010.09.09 15:11:41.083,0.6092,0.60945,1.00,1.00
2010.09.09 15:11:42.301,0.60915,0.60945,6.50,1.00
2010.09.09 15:11:42.595,0.60915,0.6094,1.00,1.00
2010.09.09 15:11:43.558,0.60905,0.6093,1.60,1.00
2010.09.09 15:11:44.837,0.60905,0.6093,1.00,1.00
2010.09.09 15:11:46.300,0.60905,0.6093,1.70,1.00
2010.09.09 15:11:48.036,0.6091,0.60935,1.00,10.00
2010.09.09 15:11:48.344,0.6091,0.60935,1.00,9.60
2010.09.09 15:11:49.213,0.6091,0.60935,1.00,7.20
2010.09.09 15:11:49.502,0.6091,0.60935,1.00,2.40
2010.09.09 15:11:50.803,0.6091,0.60935,1.00,4.00
2010.09.09 15:11:51.643,0.6091,0.60935,1.00,2.40
2010.09.09 15:11:52.830,0.6091,0.60935,1.00,1.00
2010.09.09 15:12:01.394,0.6091,0.60935,1.00,2.40
2010.09.09 15:12:02.033,0.6091,0.60935,1.00,4.00
2010.09.09 15:12:04.964,0.60915,0.6094,1.00,16.40
2010.09.09 15:12:05.259,0.6091,0.60935,1.00,1.00
2010.09.09 15:12:11.173,0.6091,0.60935,1.00,2.40
2010.09.09 15:12:11.755,0.6091,0.60935,1.00,4.00
2010.09.09 15:12:12.132,0.6091,0.60935,1.00,8.80
2010.09.09 15:12:12.415,0.60905,0.6093,1.00,4.00
2010.09.09 15:12:12.693,0.60905,0.60935,1.00,6.40
2010.09.09 15:12:13.502,0.6091,0.60935,1.00,13.60
2010.09.09 15:12:13.625,0.6091,0.60935,1.00,8.80
2010.09.09 15:12:13.873,0.6091,0.60935,1.00,2.40
2010.09.09 15:12:14.321,0.60905,0.60935,12.10,2.40
2010.09.09 15:12:15.696,0.60905,0.60935,4.90,2.40
2010.09.09 15:12:19.643,0.60905,0.60935,5.30,2.40
2010.09.09 15:12:23.559,0.60905,0.60935,5.30,8.80
2010.09.09 15:12:23.670,0.60905,0.60935,1.00,13.60
2010.09.09 15:12:30.250,0.60905,0.60935,1.00,13.60
2010.09.09 15:12:32.141,0.6091,0.60935,1.00,13.60
2010.09.09 15:12:32.380,0.60905,0.60935,1.00,13.60
2010.09.09 15:12:33.301,0.60905,0.60935,1.00,12.00
2010.09.09 15:12:34.107,0.6091,0.60935,1.00,1.60
2010.09.09 15:12:34.224,0.6091,0.60935,1.00,1.00
2010.09.09 15:12:34.614,0.60905,0.60935,6.50,1.00
2010.09.09 15:12:40.188,0.60905,0.60935,6.90,1.00
2010.09.09 15:12:43.543,0.6091,0.60935,1.00,1.00
2010.09.09 15:12:45.178,0.6091,0.60935,1.00,6.00
2010.09.09 15:12:45.331,0.6091,0.6094,2.80,1.00
2010.09.09 15:12:45.474,0.6091,0.6094,2.90,1.00
2010.09.09 15:12:45.624,0.6091,0.60945,4.10,16.40
2010.09.09 15:12:46.522,0.60915,0.60945,7.20,2.40
2010.09.09 15:12:46.868,0.60915,0.60945,4.80,2.40
2010.09.09 15:12:47.206,0.60915,0.6095,3.30,12.80
2010.09.09 15:12:47.893,0.60915,0.6095,8.10,12.80
2010.09.09 15:12:48.187,0.6093,0.60955,2.40,5.60
2010.09.09 15:12:48.455,0.6092,0.60955,10.80,17.20
2010.09.09 15:12:48.764,0.6092,0.60955,10.80,17.20
2010.09.09 15:12:49.579,0.60925,0.60955,1.00,17.20
2010.09.09 15:12:50.666,0.6092,0.60955,8.80,17.20
2010.09.09 15:12:52.743,0.6092,0.60955,8.90,17.30
2010.09.09 15:12:55.315,0.6092,0.6095,8.90,1.00
2010.09.09 15:12:55.543,0.6092,0.60955,8.90,17.30
2010.09.09 15:12:56.314,0.6092,0.6095,8.90,1.00
2010.09.09 15:13:00.127,0.6092,0.60955,8.90,17.30
2010.09.09 15:13:00.558,0.60925,0.60955,1.00,16.50
2010.09.09 15:13:00.894,0.6093,0.60955,2.40,13.20
2010.09.09 15:13:01.469,0.60925,0.60955,4.90,13.20
2010.09.09 15:13:01.730,0.60925,0.60955,13.70,1.00
2010.09.09 15:13:01.987,0.60925,0.60955,8.90,1.00
2010.09.09 15:13:02.874,0.60925,0.60955,1.60,10.40
2010.09.09 15:13:03.215,0.60925,0.60955,3.30,10.40
2010.09.09 15:13:03.556,0.6093,0.60955,2.40,1.00
2010.09.09 15:13:04.865,0.6093,0.60955,2.40,5.60
2010.09.09 15:13:05.203,0.6093,0.60955,2.40,1.00
2010.09.09 15:13:07.194,0.6093,0.6096,3.60,16.80
2010.09.09 15:13:07.356,0.6093,0.6096,2.90,8.80
2010.09.09 15:13:07.517,0.6093,0.6096,10.40,1.00
2010.09.09 15:13:08.355,0.6093,0.6096,3.20,2.40
2010.09.09 15:13:08.634,0.6093,0.6096,3.30,2.40
2010.09.09 15:13:08.913,0.6093,0.6096,3.30,12.00
2010.09.09 15:13:10.118,0.6093,0.6096,8.10,2.40
2010.09.09 15:13:18.185,0.60935,0.6096,1.00,2.40
2010.09.09 15:13:18.778,0.6093,0.6096,8.10,2.40
2010.09.09 15:13:21.541,0.6093,0.6096,7.70,2.40
2010.09.09 15:13:21.713,0.6093,0.6096,9.30,2.40
2010.09.09 15:13:24.853,0.6093,0.6096,4.50,2.40
2010.09.09 15:13:29.508,0.6093,0.6096,4.50,1.00
2010.09.09 15:13:29.717,0.6093,0.6096,2.10,8.00
2010.09.09 15:13:30.057,0.6093,0.6096,2.10,8.40
2010.09.09 15:13:30.938,0.6093,0.6096,2.50,15.20
2010.09.09 15:13:31.115,0.60935,0.6096,1.00,9.60
2010.09.09 15:13:31.297,0.60935,0.6096,1.00,5.60
2010.09.09 15:13:32.226,0.60935,0.6096,1.00,1.00
2010.09.09 15:13:32.564,0.60935,0.6096,1.00,2.40
2010.09.09 15:13:34.503,0.60935,0.6096,1.00,7.20
2010.09.09 15:13:35.418,0.60935,0.6096,1.00,2.40
2010.09.09 15:13:44.416,0.60935,0.6096,1.00,7.20
2010.09.09 15:13:44.537,0.60935,0.6096,1.00,7.30
2010.09.09 15:13:44.819,0.60935,0.6096,1.00,7.20
2010.09.09 15:13:44.945,0.60935,0.6096,1.00,7.20
2010.09.09 15:13:46.392,0.6094,0.60965,1.00,4.10
2010.09.09 15:13:48.265,0.6094,0.60965,4.40,1.60
2010.09.09 15:13:48.608,0.6094,0.60965,4.40,1.00
2010.09.09 15:13:49.368,0.6094,0.60965,4.40,1.00
2010.09.09 15:13:51.309,0.6094,0.6097,4.40,16.50
2010.09.09 15:13:52.304,0.6094,0.60965,4.40,1.00
2010.09.09 15:13:55.563,0.6094,0.6097,4.40,16.50
2010.09.09 15:13:56.227,0.6094,0.6097,2.00,17.30
2010.09.09 15:13:57.852,0.60945,0.6097,1.60,15.70
2010.09.09 15:13:58.081,0.60955,0.60985,5.20,10.40
2010.09.09 15:13:58.524,0.60955,0.6098,5.20,1.00
2010.09.09 15:13:58.665,0.60955,0.6098,3.60,1.00
2010.09.09 15:13:58.805,0.60955,0.6098,2.00,1.00
2010.09.09 15:13:59.496,0.60955,0.6098,1.00,1.00
2010.09.09 15:13:59.657,0.60955,0.60985,1.00,18.00
2010.09.09 15:14:00.185,0.60955,0.6098,1.00,1.00
2010.09.09 15:14:00.905,0.6095,0.6098,3.60,12.90
2010.09.09 15:14:01.191,0.6095,0.6098,2.00,18.50
2010.09.09 15:14:01.468,0.60955,0.6098,1.00,16.80
2010.09.09 15:14:02.269,0.60955,0.60985,2.00,17.70
2010.09.09 15:14:02.557,0.60955,0.60985,2.00,16.00
2010.09.09 15:14:03.516,0.60955,0.6098,2.00,1.00
2010.09.09 15:14:04.665,0.60955,0.6098,2.00,1.00
2010.09.09 15:14:05.326,0.60955,0.6098,2.00,1.00
2010.09.09 15:14:06.716,0.60955,0.6098,2.00,1.00
2010.09.09 15:14:07.616,0.60955,0.60985,2.00,16.80
2010.09.09 15:14:08.417,0.60955,0.60985,2.00,9.60
2010.09.09 15:14:08.718,0.60955,0.6098,3.60,1.00
2010.09.09 15:14:08.964,0.60955,0.60985,3.60,16.00
2010.09.09 15:14:09.044,0.60955,0.60985,2.00,17.60
2010.09.09 15:14:09.553,0.60955,0.60985,2.00,17.60
2010.09.09 15:14:10.358,0.60955,0.6098,2.00,1.00
2010.09.09 15:14:14.650,0.60955,0.60985,2.00,15.20
2010.09.09 15:14:14.919,0.6096,0.60985,2.00,11.20
2010.09.09 15:14:15.524,0.6096,0.60985,2.00,6.40
2010.09.09 15:14:17.245,0.6096,0.60985,2.00,1.60
2010.09.09 15:14:17.404,0.6096,0.6099,2.00,15.30
2010.09.09 15:14:18.392,0.6096,0.6099,2.00,15.20
2010.09.09 15:14:18.619,0.60965,0.60995,5.20,12.80
2010.09.09 15:14:18.878,0.60965,0.60995,5.20,12.90
2010.09.09 15:14:19.894,0.60965,0.60995,5.20,12.80
2010.09.09 15:14:23.667,0.60965,0.60995,3.60,12.80
2010.09.09 15:14:23.835,0.60965,0.60995,2.00,12.80
2010.09.09 15:14:26.206,0.60965,0.60995,2.00,10.40
2010.09.09 15:14:26.986,0.60965,0.60995,2.00,12.80
2010.09.09 15:14:28.763,0.60965,0.60995,2.00,10.40
2010.09.09 15:14:29.836,0.60965,0.60995,2.00,12.80
2010.09.09 15:14:31.189,0.60965,0.60995,2.00,13.60
2010.09.09 15:14:31.427,0.60955,0.6099,14.90,13.70
2010.09.09 15:14:31.655,0.6096,0.6099,1.00,12.80
2010.09.09 15:14:31.885,0.6096,0.6099,1.00,3.20
2010.09.09 15:14:32.653,0.6096,0.6099,1.00,13.60
2010.09.09 15:14:32.885,0.6096,0.6099,1.00,8.80
2010.09.09 15:14:33.173,0.60955,0.6099,16.40,9.60
2010.09.09 15:14:33.455,0.60955,0.60985,13.20,1.00
2010.09.09 15:14:33.745,0.60955,0.60985,1.60,11.20
2010.09.09 15:14:34.381,0.60955,0.6098,1.60,2.40
2010.09.09 15:14:34.600,0.60955,0.6098,1.60,7.20
2010.09.09 15:14:35.087,0.6095,0.6098,2.90,14.40
2010.09.09 15:14:35.678,0.6095,0.6098,2.90,9.60
2010.09.09 15:14:35.977,0.6095,0.6098,2.90,2.40
2010.09.09 15:14:37.943,0.6095,0.60985,2.90,13.60
2010.09.09 15:14:38.154,0.6095,0.60985,16.50,1.60
2010.09.09 15:14:38.415,0.60955,0.6099,1.60,18.10
2010.09.09 15:14:40.071,0.6095,0.60985,14.90,1.60
2010.09.09 15:14:41.467,0.6095,0.6098,14.80,2.40
2010.09.09 15:14:41.737,0.6095,0.6098,12.40,2.40
2010.09.09 15:14:42.331,0.6095,0.6098,7.60,2.40
2010.09.09 15:14:43.602,0.6095,0.6098,7.60,2.40
2010.09.09 15:14:44.843,0.6095,0.6098,7.60,2.40
2010.09.09 15:14:48.286,0.6095,0.6098,7.60,2.40
2010.09.09 15:14:50.227,0.6095,0.60985,10.10,11.20
2010.09.09 15:14:51.137,0.6095,0.60985,14.90,1.60
2010.09.09 15:14:55.308,0.6095,0.60985,14.90,3.20
2010.09.09 15:14:55.443,0.6095,0.60985,14.90,4.80
2010.09.09 15:14:55.593,0.6095,0.6098,12.50,2.40
2010.09.09 15:14:56.063,0.6095,0.6098,7.70,2.40
2010.09.09 15:14:56.887,0.6095,0.60985,14.90,6.40
2010.09.09 15:14:58.013,0.6095,0.60985,15.70,6.40
2010.09.09 15:14:58.214,0.6095,0.60985,14.90,6.40
2010.09.09 15:14:58.414,0.60955,0.60985,1.60,4.80
2010.09.09 15:14:59.244,0.6095,0.60985,14.90,6.40
2010.09.09 15:15:00.683,0.60955,0.60985,1.00,1.60
2010.09.09 15:15:00.968,0.6095,0.60985,14.80,1.60
2010.09.09 15:15:03.724,0.60955,0.60985,1.00,1.60
2010.09.09 15:15:04.388,0.60955,0.6099,6.80,15.20
2010.09.09 15:15:06.115,0.60955,0.6099,6.40,15.20
2010.09.09 15:15:09.897,0.6096,0.6099,2.40,15.20
2010.09.09 15:15:10.774,0.6096,0.6099,2.40,12.80
2010.09.09 15:15:11.014,0.6096,0.6099,2.40,12.90
2010.09.09 15:15:11.841,0.60965,0.60995,6.40,1.60
2010.09.09 15:15:13.252,0.6097,0.60995,2.40,1.60
2010.09.09 15:15:13.445,0.6097,0.61,8.80,2.40
2010.09.09 15:15:13.627,0.6097,0.61,8.80,1.00
2010.09.09 15:15:14.718,0.6097,0.61005,8.80,16.80
2010.09.09 15:15:16.213,0.6097,0.61005,8.80,17.60
2010.09.09 15:15:16.557,0.6097,0.61005,8.80,16.80
2010.09.09 15:15:17.649,0.6097,0.61005,8.80,17.60
2010.09.09 15:15:18.235,0.6097,0.61005,8.80,16.80
2010.09.09 15:15:20.327,0.60975,0.61005,1.00,16.80
2010.09.09 15:15:26.053,0.60975,0.61005,1.00,16.00
2010.09.09 15:15:26.234,0.60975,0.61005,1.00,7.20
2010.09.09 15:15:27.413,0.60975,0.61005,1.00,6.40
2010.09.09 15:15:27.594,0.60975,0.61005,1.00,1.60
2010.09.09 15:15:29.455,0.60975,0.6101,2.40,18.80
2010.09.09 15:15:30.193,0.60975,0.61005,2.40,4.80
2010.09.09 15:15:30.849,0.60975,0.6101,2.40,18.80
2010.09.09 15:15:32.649,0.60975,0.6101,13.70,8.00
2010.09.09 15:15:32.920,0.6098,0.61015,14.90,14.40
2010.09.09 15:15:33.184,0.6098,0.61015,17.20,12.00
2010.09.09 15:15:34.613,0.60985,0.61015,1.00,12.00
2010.09.09 15:15:35.945,0.60985,0.61015,5.70,1.60
2010.09.09 15:15:36.063,0.60985,0.6102,8.10,16.10
2010.09.09 15:15:37.564,0.60985,0.6102,8.10,17.70
2010.09.09 15:15:43.287,0.60985,0.61015,3.30,4.80
2010.09.09 15:15:46.173,0.60985,0.6102,3.30,17.70
2010.09.09 15:15:48.825,0.60985,0.6102,8.10,17.70
2010.09.09 15:15:49.407,0.60985,0.6102,12.90,17.70
2010.09.09 15:15:51.811,0.60985,0.6102,12.90,16.10
2010.09.09 15:15:51.934,0.6099,0.6102,1.00,4.00
2010.09.09 15:15:52.174,0.6099,0.6102,1.00,2.40
2010.09.09 15:15:52.295,0.6099,0.61025,8.00,16.00
2010.09.09 15:15:53.094,0.60995,0.61025,14.80,1.00
2010.09.09 15:15:53.437,0.6099,0.61025,16.10,3.20
2010.09.09 15:15:54.905,0.6099,0.6102,4.80,1.60
2010.09.09 15:15:55.159,0.60985,0.61015,13.60,1.00
2010.09.09 15:15:55.306,0.60985,0.61015,11.20,1.00
2010.09.09 15:15:55.454,0.60985,0.61015,9.60,2.40
2010.09.09 15:15:55.604,0.60985,0.61015,11.20,2.40
2010.09.09 15:15:56.301,0.60985,0.61015,6.40,2.40
2010.09.09 15:15:56.526,0.60985,0.61015,1.60,2.40
2010.09.09 15:15:56.974,0.60985,0.61015,1.60,12.00
2010.09.09 15:15:58.333,0.6098,0.61015,16.80,12.00
2010.09.09 15:15:59.120,0.60985,0.61015,1.60,12.00
2010.09.09 15:15:59.402,0.6098,0.61015,18.40,12.00
2010.09.09 15:16:01.734,0.6098,0.61015,18.50,12.00
2010.09.09 15:16:02.013,0.60985,0.61015,3.20,9.60
2010.09.09 15:16:02.829,0.60985,0.6102,12.80,17.70
2010.09.09 15:16:02.925,0.60985,0.6102,12.80,17.60
2010.09.09 15:16:03.409,0.60985,0.6102,12.90,17.70
2010.09.09 15:16:04.103,0.60985,0.6102,12.90,16.10
2010.09.09 15:16:14.612,0.60985,0.6102,12.90,17.70
2010.09.09 15:16:15.654,0.6099,0.6102,1.00,16.00
2010.09.09 15:16:16.638,0.60985,0.6102,12.90,16.10
2010.09.09 15:16:18.868,0.60985,0.61015,1.60,5.60
2010.09.09 15:16:19.373,0.60985,0.61015,1.60,5.60
2010.09.09 15:16:25.304,0.60985,0.61015,1.60,5.60
2010.09.09 15:16:25.593,0.60985,0.61015,3.20,4.80
2010.09.09 15:16:26.513,0.60985,0.6101,12.10,3.20
2010.09.09 15:16:26.859,0.60985,0.6101,1.00,2.40
2010.09.09 15:16:27.653,0.60985,0.61015,1.00,7.20
2010.09.09 15:16:27.906,0.60985,0.61015,5.70,1.60
2010.09.09 15:16:33.767,0.6098,0.61015,5.70,16.40
2010.09.09 15:16:33.913,0.6098,0.61015,5.70,16.00
2010.09.09 15:16:34.063,0.6098,0.61015,5.60,16.00
2010.09.09 15:16:43.327,0.60985,0.61015,5.60,1.60
2010.09.09 15:16:44.585,0.60985,0.61015,5.60,1.60
2010.09.09 15:16:44.855,0.60985,0.61015,4.80,4.00
2010.09.09 15:16:45.124,0.6098,0.61015,12.80,13.60
2010.09.09 15:16:45.393,0.6098,0.61015,12.90,13.70
2010.09.09 15:16:46.457,0.60985,0.61015,1.00,6.40
2010.09.09 15:16:46.704,0.60985,0.61015,5.60,1.60
2010.09.09 15:16:47.964,0.60985,0.61015,5.60,1.60
2010.09.09 15:16:53.385,0.60985,0.61015,5.60,6.40
2010.09.09 15:16:53.710,0.6098,0.61015,5.70,16.00
2010.09.09 15:16:54.213,0.6098,0.61015,5.60,16.00
2010.09.09 15:16:54.524,0.60985,0.61015,1.00,14.40
2010.09.09 15:16:54.623,0.60985,0.61015,1.00,14.40
2010.09.09 15:16:55.181,0.60985,0.61015,1.00,9.60
2010.09.09 15:16:55.387,0.60985,0.61015,5.70,1.60
2010.09.09 15:16:57.253,0.60985,0.61015,12.90,1.60
2010.09.09 15:17:00.515,0.60985,0.61015,5.70,1.60
2010.09.09 15:17:00.808,0.60985,0.61015,5.70,2.40
2010.09.09 15:17:01.484,0.60985,0.6101,4.80,1.00
2010.09.09 15:17:01.790,0.60985,0.6101,1.00,2.40
2010.09.09 15:17:02.394,0.60985,0.6101,1.00,2.40
2010.09.09 15:17:03.719,0.6098,0.6101,8.00,2.40
2010.09.09 15:17:04.298,0.6098,0.6101,7.20,3.20
2010.09.09 15:17:04.978,0.6098,0.6101,7.20,3.20
2010.09.09 15:17:05.079,0.60975,0.61005,8.00,1.00
2010.09.09 15:17:05.324,0.60975,0.6101,8.00,16.00
2010.09.09 15:17:05.574,0.60975,0.6101,8.00,16.00
2010.09.09 15:17:05.825,0.60975,0.6101,15.20,13.60
2010.09.09 15:17:06.732,0.6098,0.61015,8.10,13.60
2010.09.09 15:17:06.948,0.60985,0.61015,1.00,11.20
2010.09.09 15:17:07.709,0.60985,0.61015,5.60,1.60
2010.09.09 15:17:07.926,0.60985,0.61015,13.70,1.60
2010.09.09 15:17:08.244,0.60985,0.61015,14.10,1.60
2010.09.09 15:17:08.565,0.6099,0.6102,7.20,2.40
2010.09.09 15:17:08.886,0.60995,0.6102,4.80,2.40
2010.09.09 15:17:09.556,0.60985,0.6102,14.40,6.40
2010.09.09 15:17:09.841,0.60985,0.61015,1.00,4.00
2010.09.09 15:17:10.127,0.6098,0.61015,12.90,4.00
2010.09.09 15:17:11.318,0.6098,0.61015,12.80,4.00
2010.09.09 15:17:11.733,0.6098,0.61015,8.00,13.60
2010.09.09 15:17:12.628,0.6098,0.61015,5.60,16.00
2010.09.09 15:17:18.054,0.6098,0.6101,4.80,1.00
2010.09.09 15:17:18.087,0.6098,0.6101,4.80,1.60
2010.09.09 15:17:18.428,0.6098,0.6101,4.80,12.80
2010.09.09 15:17:18.768,0.6098,0.6101,1.00,17.60
2010.09.09 15:17:20.325,0.6098,0.6101,1.00,16.00
2010.09.09 15:17:20.923,0.6098,0.6101,1.00,17.60
2010.09.09 15:17:21.881,0.6098,0.6101,1.00,16.00
2010.09.09 15:17:23.067,0.6098,0.6101,1.00,16.80
2010.09.09 15:17:23.576,0.60975,0.6101,12.80,16.80
2010.09.09 15:17:23.943,0.60975,0.6101,8.00,16.80
2010.09.09 15:17:25.007,0.60975,0.61005,8.00,1.00
2010.09.09 15:17:25.558,0.60975,0.6101,8.00,18.40
2010.09.09 15:17:25.704,0.60975,0.6101,8.00,16.80
2010.09.09 15:17:28.865,0.6098,0.6101,3.20,5.60
2010.09.09 15:17:29.014,0.60975,0.6101,16.90,4.00
2010.09.09 15:17:29.345,0.60975,0.6101,8.10,16.80
2010.09.09 15:17:30.120,0.60975,0.6101,8.00,16.80
2010.09.09 15:17:33.245,0.6098,0.6101,3.20,16.00
2010.09.09 15:17:33.993,0.6098,0.6101,3.20,6.00
2010.09.09 15:17:34.251,0.6098,0.6101,3.30,3.20
2010.09.09 15:17:34.506,0.6098,0.6101,8.10,3.20
2010.09.09 15:17:35.341,0.60975,0.61005,1.00,12.80
2010.09.09 15:17:35.685,0.6097,0.61005,16.00,12.80
2010.09.09 15:17:36.714,0.6097,0.61005,16.10,12.90
2010.09.09 15:17:37.283,0.6097,0.61005,8.90,15.30
2010.09.09 15:17:37.784,0.6097,0.61,3.20,5.60
2010.09.09 15:17:38.517,0.6097,0.61,1.00,15.20
2010.09.09 15:17:38.851,0.6097,0.61,1.00,13.60
2010.09.09 15:17:39.100,0.6097,0.61,1.00,15.20
2010.09.09 15:17:40.025,0.6097,0.61,4.80,10.40
2010.09.09 15:17:40.284,0.6097,0.61005,8.00,16.80
2010.09.09 15:17:41.066,0.6097,0.61,4.80,3.20
2010.09.09 15:17:41.255,0.60965,0.61,12.10,15.20
2010.09.09 15:17:41.855,0.60965,0.61,12.10,16.80
2010.09.09 15:17:42.048,0.60965,0.61,12.10,16.90
2010.09.09 15:17:42.843,0.60965,0.61,2.50,16.90
2010.09.09 15:17:44.251,0.60965,0.60995,1.70,11.20
2010.09.09 15:17:44.454,0.60965,0.60995,2.50,10.40
2010.09.09 15:17:44.674,0.60965,0.60995,8.10,4.80
2010.09.09 15:17:44.753,0.60965,0.61,8.10,16.00
2010.09.09 15:17:44.929,0.60965,0.61,8.10,16.10
2010.09.09 15:17:45.873,0.60965,0.61,9.70,16.10
2010.09.09 15:17:46.156,0.60965,0.60995,8.80,1.00
2010.09.09 15:17:46.445,0.60965,0.60995,1.60,10.50
2010.09.09 15:17:48.826,0.60965,0.60995,2.40,9.70
2010.09.09 15:17:49.584,0.60965,0.60995,8.00,4.90
2010.09.09 15:17:50.504,0.60965,0.60995,8.10,4.80
2010.09.09 15:17:51.097,0.60965,0.61,8.10,16.90
2010.09.09 15:17:51.222,0.60965,0.60995,8.00,1.00
2010.09.09 15:17:51.333,0.60965,0.61,8.00,16.80
2010.09.09 15:17:52.503,0.60965,0.60995,8.00,1.00
2010.09.09 15:17:55.230,0.60965,0.61,8.00,16.80
2010.09.09 15:17:55.504,0.60965,0.60995,8.00,1.00
2010.09.09 15:17:56.203,0.60965,0.61,8.10,16.90
2010.09.09 15:17:57.211,0.60965,0.60995,8.00,1.00
2010.09.09 15:17:58.363,0.60965,0.60995,9.60,1.00
2010.09.09 15:18:00.088,0.60965,0.61,9.70,16.90
2010.09.09 15:18:00.937,0.60965,0.60995,9.60,1.00
2010.09.09 15:18:03.014,0.60965,0.60995,8.00,1.00
2010.09.09 15:18:03.199,0.60965,0.60995,6.40,1.00
2010.09.09 15:18:03.922,0.60965,0.60995,1.60,4.90
2010.09.09 15:18:04.271,0.60965,0.61,1.60,18.40
2010.09.09 15:18:04.955,0.60965,0.61,1.60,17.60
2010.09.09 15:18:05.836,0.60965,0.60995,12.10,1.60
2010.09.09 15:18:08.207,0.6097,0.60995,1.00,1.60
2010.09.09 15:18:08.846,0.60965,0.60995,9.60,1.60
2010.09.09 15:18:09.913,0.60965,0.60995,9.60,1.60
2010.09.09 15:18:11.815,0.60965,0.60995,12.00,1.60
2010.09.09 15:18:12.814,0.60965,0.61,13.60,3.20
2010.09.09 15:18:12.973,0.6097,0.61,4.80,3.20
2010.09.09 15:18:13.133,0.6097,0.61,4.80,2.40
2010.09.09 15:18:13.324,0.6097,0.61,7.20,2.40
2010.09.09 15:18:13.973,0.6097,0.61,4.80,2.40
2010.09.09 15:18:14.171,0.6097,0.61005,10.40,10.40
2010.09.09 15:18:14.293,0.6097,0.61005,12.80,8.00
2010.09.09 15:18:15.840,0.6097,0.60995,4.80,5.60
2010.09.09 15:18:16.055,0.60965,0.60995,1.70,8.00
2010.09.09 15:18:16.275,0.60965,0.60995,1.70,12.80
2010.09.09 15:18:16.495,0.60965,0.60995,1.60,12.80
2010.09.09 15:18:17.647,0.6096,0.6099,2.50,8.80
2010.09.09 15:18:19.630,0.6095,0.6098,5.70,3.20
2010.09.09 15:18:19.756,0.6095,0.60985,5.70,16.00
2010.09.09 15:18:20.417,0.6095,0.60985,5.70,16.10
2010.09.09 15:18:20.756,0.6095,0.6098,1.00,4.00
2010.09.09 15:18:22.659,0.6095,0.6098,1.00,3.20
2010.09.09 15:18:22.935,0.6095,0.60985,1.00,16.50
2010.09.09 15:18:23.481,0.6095,0.6098,1.00,2.40
2010.09.09 15:18:23.769,0.6095,0.6098,1.00,4.00
2010.09.09 15:18:26.333,0.6095,0.6098,1.00,3.20
2010.09.09 15:18:26.526,0.6095,0.60985,1.00,16.10
2010.09.09 15:18:26.727,0.6095,0.60985,8.10,13.70
2010.09.09 15:18:26.925,0.6095,0.60985,8.10,12.10
2010.09.09 15:18:27.913,0.6095,0.60985,8.10,13.70
2010.09.09 15:18:30.913,0.6095,0.6098,7.30,1.00
2010.09.09 15:18:31.003,0.6095,0.6098,4.90,3.20
2010.09.09 15:18:31.385,0.6095,0.6098,4.90,1.60
2010.09.09 15:18:31.887,0.6095,0.6098,1.00,1.60
2010.09.09 15:18:32.166,0.6095,0.6098,1.00,5.60
2010.09.09 15:18:45.304,0.6095,0.6098,1.00,17.60
2010.09.09 15:18:46.337,0.60945,0.6098,15.30,17.70
2010.09.09 15:18:47.628,0.60945,0.6098,14.50,17.70
2010.09.09 15:18:47.855,0.60945,0.60975,13.70,1.00
2010.09.09 15:18:48.118,0.60945,0.6098,14.50,17.70
2010.09.09 15:18:48.609,0.60945,0.60975,12.10,1.00
2010.09.09 15:18:48.925,0.60945,0.60975,13.70,1.00
2010.09.09 15:18:50.030,0.60945,0.60975,13.70,1.60
2010.09.09 15:18:50.270,0.60945,0.6097,4.80,1.60
2010.09.09 15:18:50.507,0.6094,0.60975,11.20,14.40
2010.09.09 15:18:51.419,0.6094,0.60975,16.10,8.10
2010.09.09 15:18:56.237,0.6094,0.60965,15.30,1.00
2010.09.09 15:18:56.541,0.60935,0.60965,12.00,1.00
2010.09.09 15:18:56.850,0.60935,0.60965,7.20,1.00
2010.09.09 15:18:57.603,0.60935,0.60965,6.40,1.00
2010.09.09 15:18:57.831,0.60935,0.60965,1.60,1.00
2010.09.09 15:18:59.802,0.6093,0.6096,12.00,4.00
2010.09.09 15:18:59.984,0.6093,0.6096,7.20,4.00
2010.09.09 15:19:00.535,0.6093,0.60965,15.20,7.20
2010.09.09 15:19:01.292,0.6093,0.60965,15.20,2.40
2010.09.09 15:19:01.814,0.6093,0.60965,15.30,2.50
2010.09.09 15:19:02.374,0.6093,0.60965,15.30,4.90
2010.09.09 15:19:02.657,0.60935,0.6096,9.60,4.80
2010.09.09 15:19:03.636,0.60935,0.60965,13.60,1.00
2010.09.09 15:19:03.957,0.6093,0.60965,16.10,3.30
2010.09.09 15:19:04.274,0.6093,0.60965,16.10,8.10
2010.09.09 15:19:04.585,0.60935,0.60965,1.00,6.50
2010.09.09 15:19:05.255,0.60935,0.60965,10.40,1.70
2010.09.09 15:19:05.595,0.60935,0.60965,3.20,6.50
2010.09.09 15:19:05.935,0.60935,0.60965,12.80,1.70
2010.09.09 15:19:07.204,0.60935,0.60965,4.00,4.90
2010.09.09 15:19:07.378,0.60935,0.60965,3.20,4.90
2010.09.09 15:19:07.547,0.60935,0.60965,2.40,4.90
2010.09.09 15:19:07.715,0.60935,0.60965,2.50,4.80
2010.09.09 15:19:07.885,0.60935,0.6097,14.50,10.10
2010.09.09 15:19:08.596,0.60935,0.60965,4.90,4.80
2010.09.09 15:19:09.176,0.60935,0.60965,4.10,5.60
2010.09.09 15:19:09.414,0.60935,0.60965,4.00,5.60
2010.09.09 15:19:09.654,0.60935,0.60965,1.60,3.20
2010.09.09 15:19:09.944,0.6093,0.60955,1.00,9.60
2010.09.09 15:19:10.860,0.60935,0.6096,2.40,9.60
2010.09.09 15:19:11.016,0.6094,0.6096,2.40,9.60
2010.09.09 15:19:11.173,0.60935,0.6096,2.80,9.60
2010.09.09 15:19:11.325,0.60935,0.6096,2.50,9.60
2010.09.09 15:19:12.374,0.60935,0.6096,1.60,9.60
2010.09.09 15:19:12.595,0.60935,0.60955,1.60,9.60
2010.09.09 15:19:12.815,0.60935,0.60965,6.40,1.00
2010.09.09 15:19:13.034,0.60935,0.6096,4.80,1.00
2010.09.09 15:19:14.050,0.6093,0.60965,12.90,2.50
2010.09.09 15:19:14.577,0.60935,0.60965,1.00,2.50
2010.09.09 15:19:15.284,0.60935,0.60965,4.80,2.50
2010.09.09 15:19:15.505,0.6093,0.60965,12.90,2.50
2010.09.09 15:19:16.076,0.6093,0.6096,12.10,1.00
2010.09.09 15:19:16.304,0.6093,0.6096,12.10,4.00
2010.09.09 15:19:16.445,0.6093,0.6096,9.70,4.00
2010.09.09 15:19:16.583,0.6093,0.6096,4.90,4.00
2010.09.09 15:19:17.503,0.60925,0.60955,1.60,1.60
2010.09.09 15:19:17.765,0.6092,0.60955,16.90,3.20
2010.09.09 15:19:19.554,0.6092,0.60945,15.20,1.00
2010.09.09 15:19:19.785,0.6092,0.60945,5.60,1.00
2010.09.09 15:19:20.055,0.60915,0.6095,7.20,16.80
2010.09.09 15:19:21.127,0.60915,0.6095,7.20,18.40
2010.09.09 15:19:21.904,0.60915,0.6095,7.30,18.50
2010.09.09 15:19:23.714,0.60915,0.60945,7.30,1.00
2010.09.09 15:19:23.905,0.6092,0.6095,1.00,16.80
2010.09.09 15:19:24.096,0.6092,0.6095,4.00,12.00
2010.09.09 15:19:24.285,0.6092,0.60955,16.00,8.00
2010.09.09 15:19:24.475,0.60925,0.60955,3.20,7.20
2010.09.09 15:19:25.034,0.60925,0.60955,4.00,6.40
2010.09.09 15:19:25.281,0.6092,0.6095,7.20,4.00
2010.09.09 15:19:26.050,0.6092,0.6095,7.20,4.10
2010.09.09 15:19:35.044,0.6092,0.6095,8.10,4.00
2010.09.09 15:19:35.983,0.6092,0.6095,8.00,4.10
2010.09.09 15:19:37.176,0.6092,0.6095,7.20,4.10
2010.09.09 15:19:37.423,0.6092,0.6095,8.00,4.10
2010.09.09 15:19:38.120,0.6092,0.6095,3.20,4.10
2010.09.09 15:19:38.805,0.60915,0.6095,15.30,6.40
2010.09.09 15:19:39.683,0.60915,0.6095,7.30,16.80
2010.09.09 15:19:40.067,0.60915,0.6095,7.30,16.90
2010.09.09 15:19:40.256,0.60915,0.60945,7.20,1.00
2010.09.09 15:19:40.635,0.60915,0.60945,6.40,1.60
2010.09.09 15:19:41.303,0.60915,0.60945,4.80,4.00
2010.09.09 15:19:41.652,0.60915,0.6095,7.20,18.50
2010.09.09 15:19:41.995,0.60915,0.60945,7.20,1.00
2010.09.09 15:19:43.591,0.60915,0.6095,14.10,8.10
2010.09.09 15:19:43.786,0.60915,0.6095,16.50,1.00
2010.09.09 15:19:46.988,0.60915,0.6095,14.50,10.50
2010.09.09 15:19:47.704,0.6092,0.6095,1.00,6.50
2010.09.09 15:19:47.874,0.60915,0.6095,14.50,10.50
2010.09.09 15:19:51.026,0.60915,0.6094,11.20,2.40
2010.09.09 15:19:51.214,0.60915,0.6094,1.60,2.40
2010.09.09 15:19:54.239,0.60915,0.6094,1.60,2.40
2010.09.09 15:19:55.387,0.60915,0.6094,1.00,2.40
2010.09.09 15:19:55.577,0.6091,0.6094,15.20,2.40
2010.09.09 15:19:57.276,0.60915,0.6094,1.00,2.40
2010.09.09 15:19:57.414,0.6091,0.6094,16.10,2.40
2010.09.09 15:19:57.555,0.6091,0.60945,17.30,2.50
2010.09.09 15:19:58.231,0.60915,0.60945,2.40,2.50
2010.09.09 15:19:58.576,0.60915,0.6095,14.40,14.40
2010.09.09 15:19:58.914,0.60915,0.60945,14.40,1.00
2010.09.09 15:19:59.296,0.60915,0.6095,14.40,14.40
2010.09.09 15:20:00.415,0.60915,0.6095,12.10,16.90
2010.09.09 15:20:00.535,0.60915,0.60945,13.60,1.70
2010.09.09 15:20:00.654,0.60915,0.60945,12.00,3.70
2010.09.09 15:20:01.337,0.60915,0.60945,4.80,7.60
2010.09.09 15:20:01.674,0.60915,0.60945,4.80,2.40
2010.09.09 15:20:02.647,0.60915,0.60945,6.40,1.00
2010.09.09 15:20:05.004,0.60915,0.60945,2.40,1.00
2010.09.09 15:20:05.123,0.60915,0.60945,7.20,1.00
2010.09.09 15:20:09.293,0.60915,0.6095,7.30,16.90
2010.09.09 15:20:10.506,0.60915,0.6095,7.30,17.70
2010.09.09 15:20:10.769,0.60915,0.6095,15.30,5.70
2010.09.09 15:20:11.388,0.60915,0.6095,15.30,10.50
2010.09.09 15:20:11.769,0.6092,0.6095,4.80,4.90
2010.09.09 15:20:12.897,0.60915,0.6095,15.70,4.90
2010.09.09 15:20:17.176,0.60915,0.6095,15.70,3.30
2010.09.09 15:20:19.412,0.60925,0.60955,4.00,5.70
2010.09.09 15:20:20.185,0.60925,0.6095,2.40,3.20
2010.09.09 15:20:20.409,0.60915,0.6095,16.40,3.20
2010.09.09 15:20:20.739,0.6092,0.6095,1.00,2.40
2010.09.09 15:20:21.322,0.6092,0.60955,3.20,17.60
2010.09.09 15:20:21.664,0.6092,0.60955,16.10,9.70
2010.09.09 15:20:21.964,0.6092,0.60955,16.10,8.10
2010.09.09 15:20:22.265,0.6092,0.60955,17.70,8.10
2010.09.09 15:20:23.098,0.60925,0.60945,1.00,4.80
2010.09.09 15:20:23.346,0.6092,0.60945,4.90,9.60
2010.09.09 15:20:25.607,0.60925,0.60955,4.80,2.50
2010.09.09 15:20:27.276,0.60925,0.60955,4.80,3.30
2010.09.09 15:20:27.947,0.6092,0.60955,17.70,3.30
2010.09.09 15:20:28.213,0.6092,0.6095,12.00,4.00
2010.09.09 15:20:28.992,0.60915,0.6095,15.20,4.00
2010.09.09 15:20:29.311,0.60915,0.60945,15.20,1.00
2010.09.09 15:20:31.505,0.60915,0.60945,7.20,1.00
2010.09.09 15:20:31.714,0.60915,0.60945,14.40,1.00
2010.09.09 15:20:32.359,0.60915,0.60945,12.80,2.50
2010.09.09 15:20:32.586,0.60915,0.60945,14.40,1.00
2010.09.09 15:20:33.044,0.60915,0.60945,12.80,2.50
2010.09.09 15:20:36.125,0.60915,0.60945,15.20,1.00
2010.09.09 15:20:37.019,0.60915,0.6095,16.10,8.90
2010.09.09 15:20:38.705,0.60915,0.6095,14.50,8.90
2010.09.09 15:20:39.004,0.60905,0.6093,5.60,2.40
2010.09.09 15:20:39.297,0.6091,0.60935,3.20,1.60
2010.09.09 15:20:40.562,0.60905,0.60935,12.00,1.60
2010.09.09 15:20:40.965,0.60905,0.60935,9.60,1.60
2010.09.09 15:20:42.417,0.60905,0.60935,9.60,1.60
2010.09.09 15:20:43.543,0.60905,0.60935,4.80,1.70
2010.09.09 15:20:43.818,0.609,0.6093,15.20,1.00
2010.09.09 15:20:44.077,0.609,0.6093,4.80,3.20
2010.09.09 15:20:44.670,0.609,0.6093,5.60,3.20
2010.09.09 15:20:44.868,0.609,0.6093,3.20,3.20
2010.09.09 15:20:47.034,0.609,0.6093,8.00,3.20
2010.09.09 15:20:50.692,0.609,0.6093,7.20,4.00
2010.09.09 15:20:50.739,0.609,0.6093,4.80,4.00
2010.09.09 15:20:50.785,0.609,0.6093,7.20,4.00
2010.09.09 15:20:50.875,0.609,0.6093,4.80,4.00
2010.09.09 15:20:51.215,0.60895,0.6093,15.20,13.60
2010.09.09 15:20:52.236,0.60895,0.6093,15.20,13.60
2010.09.09 15:20:54.317,0.60895,0.6093,15.20,13.60
2010.09.09 15:20:54.546,0.609,0.6093,3.20,12.80
2010.09.09 15:20:54.625,0.609,0.6093,8.00,3.20
2010.09.09 15:20:54.707,0.609,0.6093,8.00,2.40
2010.09.09 15:20:55.846,0.609,0.6093,8.10,2.40
2010.09.09 15:20:56.940,0.609,0.6093,10.50,2.40
2010.09.09 15:21:00.866,0.60905,0.6093,1.00,2.40
2010.09.09 15:21:01.254,0.60905,0.60935,5.60,1.60
2010.09.09 15:21:01.870,0.60905,0.60935,7.20,1.00
2010.09.09 15:21:02.009,0.60905,0.6094,7.30,17.70
2010.09.09 15:21:04.601,0.60905,0.6094,7.30,16.90
2010.09.09 15:21:04.641,0.60905,0.6094,14.50,12.90
2010.09.09 15:21:06.184,0.60905,0.6094,14.10,16.10
2010.09.09 15:21:06.423,0.60905,0.6094,14.90,16.10
2010.09.09 15:21:06.543,0.60905,0.6094,14.10,16.10
2010.09.09 15:21:06.664,0.60905,0.60935,14.00,1.00
2010.09.09 15:21:07.263,0.60905,0.60935,13.60,1.00
2010.09.09 15:21:07.485,0.60905,0.60935,7.20,1.00
2010.09.09 15:21:08.186,0.60905,0.60935,7.30,1.00
2010.09.09 15:21:08.958,0.60905,0.6094,13.70,16.10
2010.09.09 15:21:09.292,0.60905,0.6094,16.10,13.70
2010.09.09 15:21:09.404,0.60905,0.6094,16.00,13.70
2010.09.09 15:21:09.524,0.60905,0.60935,15.20,1.00
2010.09.09 15:21:09.645,0.60905,0.60935,4.00,1.60
2010.09.09 15:21:10.303,0.609,0.60935,14.10,3.20
2010.09.09 15:21:10.565,0.609,0.60935,13.30,3.30
2010.09.09 15:21:10.818,0.609,0.6093,8.10,3.20
2010.09.09 15:21:12.265,0.60905,0.60935,1.00,12.10
2010.09.09 15:21:13.155,0.60905,0.60935,1.00,2.50
2010.09.09 15:21:22.637,0.60905,0.60935,1.00,7.30
2010.09.09 15:21:26.853,0.60905,0.60935,1.00,2.50
2010.09.09 15:21:27.615,0.60905,0.60935,12.80,2.50
2010.09.09 15:21:27.815,0.60905,0.60935,14.40,1.00
2010.09.09 15:21:30.949,0.60905,0.6093,9.60,4.80
2010.09.09 15:21:31.078,0.60905,0.6093,2.40,9.60
2010.09.09 15:21:31.374,0.60905,0.6093,4.00,9.60
2010.09.09 15:21:33.364,0.60905,0.6093,8.80,4.80
2010.09.09 15:21:33.404,0.60905,0.60935,13.60,3.30
2010.09.09 15:21:33.453,0.60905,0.60935,16.00,1.00
2010.09.09 15:21:36.055,0.60905,0.6093,13.60,1.00
2010.09.09 15:21:36.708,0.609,0.6093,12.80,3.20
2010.09.09 15:21:38.197,0.609,0.60935,12.80,12.80
2010.09.09 15:21:38.455,0.609,0.60935,12.80,8.00
2010.09.09 15:21:39.856,0.609,0.6093,5.60,3.20
2010.09.09 15:21:41.508,0.60905,0.6093,1.60,3.20
2010.09.09 15:21:41.677,0.60905,0.6093,2.40,2.40
2010.09.09 15:21:42.014,0.60905,0.6093,7.20,2.40
2010.09.09 15:21:42.184,0.60905,0.6093,14.40,2.40
2010.09.09 15:21:42.859,0.60905,0.6093,14.40,2.40
2010.09.09 15:21:43.428,0.6091,0.6093,4.80,2.40
2010.09.09 15:21:43.612,0.6091,0.6094,4.80,5.60
2010.09.09 15:21:43.777,0.6091,0.60935,4.80,1.00
2010.09.09 15:21:43.945,0.60905,0.60935,14.40,1.00
2010.09.09 15:21:44.114,0.60905,0.60935,12.00,1.00
2010.09.09 15:21:44.283,0.60905,0.60935,10.40,2.40
2010.09.09 15:21:45.154,0.60905,0.60935,10.40,2.50
2010.09.09 15:21:47.105,0.60905,0.60935,13.60,1.00
2010.09.09 15:21:47.241,0.60905,0.60935,16.10,1.00
2010.09.09 15:21:48.774,0.60905,0.60935,11.30,1.00
2010.09.09 15:21:53.711,0.60905,0.60935,11.20,1.00
2010.09.09 15:21:54.627,0.60905,0.60935,11.30,1.00
2010.09.09 15:21:54.759,0.60905,0.60935,9.70,1.00
2010.09.09 15:21:56.554,0.60905,0.60935,7.30,1.00
2010.09.09 15:22:02.184,0.60905,0.60935,7.20,1.00
2010.09.09 15:22:03.184,0.60905,0.60935,7.20,1.00
2010.09.09 15:22:03.453,0.60905,0.60935,7.20,1.00
2010.09.09 15:22:06.673,0.60905,0.60935,7.30,1.00
2010.09.09 15:22:09.741,0.60905,0.60935,14.40,1.00
2010.09.09 15:22:09.944,0.6091,0.60935,1.00,1.00
2010.09.09 15:22:10.534,0.6091,0.60935,2.40,1.00
2010.09.09 15:22:10.642,0.6091,0.60935,4.80,1.00
2010.09.09 15:22:10.747,0.6091,0.60935,1.00,1.00
2010.09.09 15:22:10.855,0.6091,0.60935,12.00,1.00
2010.09.09 15:22:11.196,0.6091,0.60935,16.80,1.00
2010.09.09 15:22:12.104,0.6091,0.6094,16.80,3.20
2010.09.09 15:22:13.893,0.6091,0.6094,15.20,3.20
2010.09.09 15:22:32.514,0.6091,0.6094,16.00,4.00
2010.09.09 15:22:32.614,0.6091,0.6094,16.00,4.10
2010.09.09 15:22:32.706,0.6091,0.60935,9.60,1.00
2010.09.09 15:22:33.359,0.60905,0.60935,15.60,1.00
2010.09.09 15:22:34.044,0.60905,0.60935,15.60,1.00
2010.09.09 15:22:38.294,0.60905,0.60935,14.40,1.00
2010.09.09 15:22:39.095,0.60905,0.60935,13.60,1.70
2010.09.09 15:22:39.279,0.60905,0.60935,12.00,3.20
2010.09.09 15:22:39.439,0.60905,0.6093,2.40,2.40
2010.09.09 15:22:40.017,0.609,0.6093,12.80,2.40
2010.09.09 15:22:40.171,0.609,0.6093,12.80,2.40
2010.09.09 15:22:40.833,0.609,0.6093,12.80,2.50
2010.09.09 15:22:43.618,0.60895,0.6093,14.50,4.00
2010.09.09 15:22:43.745,0.60895,0.6093,14.50,4.10
2010.09.09 15:22:46.786,0.609,0.6093,1.00,3.30
2010.09.09 15:22:46.874,0.609,0.6093,1.00,3.20
2010.09.09 15:22:46.954,0.609,0.6093,3.20,3.20
2010.09.09 15:22:47.555,0.609,0.6093,8.00,2.40
2010.09.09 15:22:47.770,0.609,0.6093,12.80,2.40
2010.09.09 15:22:48.676,0.609,0.6093,12.00,3.20
2010.09.09 15:22:49.486,0.609,0.60925,12.80,1.00
2010.09.09 15:22:49.828,0.609,0.6093,10.40,2.40
2010.09.09 15:22:50.487,0.609,0.6093,9.60,3.20
2010.09.09 15:22:50.634,0.609,0.60925,9.60,1.00
2010.09.09 15:22:51.338,0.609,0.60925,4.80,1.00
2010.09.09 15:22:51.566,0.609,0.6093,12.80,2.40
2010.09.09 15:22:52.759,0.609,0.6093,12.90,2.40
2010.09.09 15:22:53.656,0.609,0.6093,12.80,2.40
2010.09.09 15:22:54.572,0.609,0.6093,8.00,2.40
2010.09.09 15:22:54.934,0.609,0.6093,12.80,2.40
2010.09.09 15:22:55.550,0.609,0.6093,10.40,2.40
2010.09.09 15:22:55.764,0.609,0.6093,5.60,4.80
2010.09.09 15:22:56.026,0.609,0.6093,10.40,2.40
2010.09.09 15:22:56.284,0.609,0.6093,10.40,2.50
2010.09.09 15:22:59.125,0.609,0.6093,12.80,2.50
2010.09.09 15:23:00.988,0.609,0.6093,15.20,2.50
2010.09.09 15:23:01.259,0.609,0.6093,17.20,2.50
2010.09.09 15:23:01.494,0.609,0.6093,16.80,2.50
2010.09.09 15:23:01.734,0.609,0.6093,16.80,2.40
2010.09.09 15:23:02.681,0.60905,0.6093,1.60,2.40
2010.09.09 15:23:02.848,0.60905,0.6093,3.60,2.40
2010.09.09 15:23:03.582,0.60905,0.60935,15.60,1.00
2010.09.09 15:23:03.931,0.60905,0.6093,1.60,2.40
2010.09.09 15:23:04.274,0.609,0.6093,15.60,2.40
2010.09.09 15:23:05.479,0.609,0.6093,15.70,2.40
2010.09.09 15:23:05.805,0.60905,0.6093,10.40,2.40
2010.09.09 15:23:06.017,0.60905,0.60935,12.80,2.40
2010.09.09 15:23:22.351,0.609,0.6093,13.20,2.40
2010.09.09 15:23:23.498,0.60905,0.60935,10.40,2.50
2010.09.09 15:23:25.795,0.60905,0.60935,10.40,2.40
2010.09.09 15:23:26.089,0.60905,0.60935,12.00,3.20
2010.09.09 15:23:26.237,0.609,0.6093,13.30,2.40
2010.09.09 15:23:26.386,0.609,0.6093,12.90,2.40
2010.09.09 15:23:28.572,0.60905,0.60935,10.40,2.50
2010.09.09 15:23:29.459,0.60905,0.60935,10.40,2.40
2010.09.09 15:23:37.019,0.60905,0.60935,12.80,2.40
2010.09.09 15:23:38.517,0.60905,0.6093,10.40,2.40
2010.09.09 15:23:38.744,0.60905,0.60935,12.80,2.40
2010.09.09 15:23:41.995,0.60905,0.6093,4.80,3.20
2010.09.09 15:23:42.304,0.609,0.6093,12.80,3.20
2010.09.09 15:23:58.005,0.60905,0.6093,4.80,3.20
2010.09.09 15:24:00.697,0.60905,0.6093,9.60,3.20
2010.09.09 15:24:02.662,0.60905,0.6093,9.60,3.30
2010.09.09 15:24:03.366,0.609,0.6093,9.60,4.10
2010.09.09 15:24:06.648,0.609,0.6093,4.80,4.10
2010.09.09 15:24:12.594,0.60895,0.6093,14.50,4.10
2010.09.09 15:24:13.005,0.60895,0.60925,14.50,1.60
2010.09.09 15:24:13.125,0.60895,0.6092,12.90,2.40
2010.09.09 15:24:13.244,0.60895,0.6092,10.50,2.40
2010.09.09 15:24:14.286,0.60895,0.6092,5.70,2.40
2010.09.09 15:24:15.904,0.60895,0.6092,7.30,2.40
2010.09.09 15:24:16.132,0.609,0.6093,1.00,12.80
2010.09.09 15:24:16.337,0.609,0.6093,12.80,3.20
2010.09.09 15:24:17.163,0.609,0.6093,12.90,3.20
2010.09.09 15:24:18.741,0.60895,0.6093,14.40,3.20
2010.09.09 15:24:19.105,0.609,0.6093,4.80,3.20
2010.09.09 15:24:23.469,0.609,0.6093,5.60,3.20
2010.09.09 15:24:23.669,0.609,0.6093,5.60,3.20
2010.09.09 15:24:23.866,0.609,0.6093,12.80,3.20
2010.09.09 15:24:24.256,0.609,0.6093,12.80,3.20
2010.09.09 15:24:25.167,0.609,0.6093,12.80,3.20
2010.09.09 15:24:25.756,0.609,0.6093,12.00,3.20
2010.09.09 15:24:26.005,0.609,0.6093,12.80,3.20
2010.09.09 15:24:26.906,0.609,0.6093,12.80,3.20
2010.09.09 15:24:27.075,0.609,0.6093,12.90,3.20
2010.09.09 15:24:28.078,0.609,0.6093,12.80,3.20
2010.09.09 15:24:28.354,0.609,0.6093,5.60,3.20
2010.09.09 15:24:31.967,0.609,0.6093,8.00,3.20
2010.09.09 15:24:32.228,0.609,0.6093,12.80,3.20
2010.09.09 15:24:48.826,0.609,0.6093,12.80,1.00
2010.09.09 15:24:48.930,0.60905,0.60935,5.60,2.40
2010.09.09 15:24:49.037,0.60905,0.60935,7.20,1.00
2010.09.09 15:24:49.467,0.60905,0.6093,7.20,1.00
2010.09.09 15:24:49.785,0.60905,0.60935,7.20,1.00
2010.09.09 15:24:53.785,0.60905,0.60935,6.40,1.70
2010.09.09 15:24:54.044,0.609,0.6093,12.90,3.20
2010.09.09 15:24:54.305,0.60905,0.60935,4.80,3.30
2010.09.09 15:24:58.200,0.60905,0.60935,1.00,2.50
2010.09.09 15:24:58.378,0.60905,0.60935,5.60,2.50
2010.09.09 15:24:59.214,0.60905,0.60935,7.20,1.00
2010.09.09 15:24:59.477,0.60905,0.6093,7.20,1.00
2010.09.09 15:24:59.756,0.60905,0.60935,7.20,1.00
2010.09.09 15:25:01.308,0.60905,0.6093,7.20,1.00
2010.09.09 15:25:01.507,0.60905,0.60935,7.20,1.00
2010.09.09 15:25:02.567,0.60905,0.60935,7.20,1.00
2010.09.09 15:25:05.565,0.60905,0.6093,11.20,1.00
2010.09.09 15:25:06.381,0.60905,0.6093,2.40,1.00
2010.09.09 15:25:06.623,0.60905,0.60935,12.00,1.00
2010.09.09 15:25:06.857,0.60905,0.60935,6.40,1.60
2010.09.09 15:25:08.139,0.60905,0.60935,1.60,6.40
2010.09.09 15:25:08.445,0.60905,0.60935,1.60,13.60
2010.09.09 15:25:08.756,0.60905,0.6093,1.60,1.00
2010.09.09 15:25:09.524,0.60905,0.6093,1.60,1.00
2010.09.09 15:25:09.832,0.60905,0.6093,1.60,3.30
2010.09.09 15:25:09.946,0.609,0.6093,5.60,3.30
2010.09.09 15:25:10.056,0.609,0.6093,10.50,3.20
2010.09.09 15:25:10.166,0.609,0.6093,11.30,3.20
2010.09.09 15:25:10.290,0.609,0.6093,11.30,2.40
2010.09.09 15:25:10.898,0.609,0.60935,11.30,15.30
2010.09.09 15:25:11.158,0.609,0.60935,11.70,15.30
2010.09.09 15:25:11.488,0.609,0.6093,11.60,1.00
2010.09.09 15:25:13.266,0.609,0.6093,14.00,1.00
2010.09.09 15:25:13.607,0.609,0.60935,14.00,8.00
2010.09.09 15:25:14.397,0.60905,0.60935,4.80,3.20
2010.09.09 15:25:15.414,0.60905,0.60935,5.60,2.40
2010.09.09 15:25:15.645,0.60905,0.60935,7.20,1.00
2010.09.09 15:25:15.874,0.60905,0.60935,12.00,1.00
2010.09.09 15:25:16.105,0.60905,0.60935,11.20,1.60
2010.09.09 15:25:16.734,0.60905,0.6093,11.20,2.40
2010.09.09 15:25:16.852,0.609,0.6093,12.80,3.20
2010.09.09 15:25:20.826,0.60905,0.6093,1.00,3.20
2010.09.09 15:25:21.035,0.60905,0.60935,5.60,2.40
2010.09.09 15:25:21.244,0.60905,0.60935,5.60,2.50
2010.09.09 15:25:23.354,0.60905,0.60935,1.00,12.10
2010.09.09 15:25:23.714,0.60905,0.60935,2.40,10.50
2010.09.09 15:25:25.065,0.60905,0.60935,2.40,5.70
2010.09.09 15:25:26.419,0.609,0.6093,12.80,3.30
2010.09.09 15:25:26.894,0.609,0.6093,5.60,3.30
2010.09.09 15:25:27.944,0.609,0.6093,9.60,4.10
2010.09.09 15:25:28.250,0.60895,0.60925,14.50,1.00
2010.09.09 15:25:28.558,0.60895,0.60925,16.00,1.00
2010.09.09 15:25:29.747,0.60895,0.60925,17.20,1.00
2010.09.09 15:25:30.571,0.609,0.6093,12.80,3.20
2010.09.09 15:25:31.414,0.609,0.6093,12.90,3.20
2010.09.09 15:25:31.756,0.60905,0.6093,1.00,2.40
2010.09.09 15:25:32.678,0.60905,0.60935,12.80,2.50
2010.09.09 15:25:34.141,0.609,0.6093,13.60,3.30
2010.09.09 15:25:34.448,0.609,0.6093,14.00,1.00
2010.09.09 15:25:35.050,0.60905,0.6093,1.00,1.00
2010.09.09 15:25:36.379,0.609,0.6093,14.00,1.00
2010.09.09 15:25:36.624,0.60905,0.6093,1.00,1.00
2010.09.09 15:25:36.875,0.60905,0.60935,1.00,9.70
2010.09.09 15:25:37.632,0.60905,0.60935,5.60,2.50
2010.09.09 15:25:42.309,0.609,0.6093,12.80,3.30
2010.09.09 15:25:42.876,0.609,0.6093,12.80,3.20
2010.09.09 15:25:43.166,0.609,0.60935,14.00,12.80
2010.09.09 15:25:43.796,0.609,0.60935,14.00,8.00
2010.09.09 15:25:44.050,0.609,0.60935,14.10,3.30
2010.09.09 15:25:44.307,0.60905,0.60935,1.00,2.50
2010.09.09 15:25:45.156,0.60905,0.60935,5.60,2.50
2010.09.09 15:25:45.441,0.60905,0.60935,1.00,2.50
2010.09.09 15:25:48.944,0.60905,0.60935,5.60,2.50
2010.09.09 15:25:49.107,0.609,0.6093,12.90,3.20
2010.09.09 15:25:49.276,0.609,0.6093,10.40,3.30
2010.09.09 15:25:49.448,0.60895,0.60925,16.00,1.00
2010.09.09 15:25:50.222,0.60895,0.60925,13.60,1.00
2010.09.09 15:25:52.384,0.60895,0.60925,8.80,1.00
2010.09.09 15:25:55.476,0.60895,0.60925,7.20,1.00
2010.09.09 15:25:56.372,0.60895,0.60925,13.60,1.00
2010.09.09 15:25:56.699,0.60895,0.6092,13.60,1.00
2010.09.09 15:25:57.775,0.60895,0.6092,7.20,1.00
2010.09.09 15:25:58.123,0.60895,0.6092,8.80,1.00
2010.09.09 15:25:58.295,0.60895,0.60925,8.80,1.00
2010.09.09 15:25:59.329,0.60895,0.60925,13.60,1.00
2010.09.09 15:26:00.825,0.60895,0.6092,13.60,1.00
2010.09.09 15:26:01.076,0.60895,0.60925,13.60,1.00
2010.09.09 15:26:02.553,0.60895,0.6092,1.60,3.30
2010.09.09 15:26:02.730,0.6089,0.6092,10.40,3.30
2010.09.09 15:26:02.911,0.6089,0.6092,1.00,3.20
2010.09.09 15:26:03.879,0.6089,0.6092,1.00,3.30
2010.09.09 15:26:12.454,0.6089,0.6092,1.00,3.20
2010.09.09 15:26:12.554,0.60895,0.6092,1.00,3.20
2010.09.09 15:26:13.165,0.60895,0.6092,1.00,1.00
2010.09.09 15:26:13.276,0.60895,0.60925,5.60,2.40
2010.09.09 15:26:13.544,0.60895,0.6092,5.60,1.00
2010.09.09 15:26:14.135,0.60895,0.60925,5.60,2.40
2010.09.09 15:26:16.121,0.60895,0.60925,7.20,1.00
2010.09.09 15:26:16.626,0.60895,0.60925,12.00,1.00
2010.09.09 15:26:16.878,0.60895,0.60925,7.20,1.00
2010.09.09 15:26:19.828,0.60895,0.6092,7.20,1.00
2010.09.09 15:26:20.144,0.60895,0.6092,6.40,1.00
2010.09.09 15:26:21.011,0.6089,0.6092,14.40,3.20
2010.09.09 15:26:21.260,0.6089,0.6092,12.90,3.20
2010.09.09 15:26:22.076,0.6089,0.6092,12.80,3.30
2010.09.09 15:26:23.840,0.6089,0.6092,10.40,3.30
2010.09.09 15:26:26.664,0.6089,0.6092,10.50,3.20
2010.09.09 15:26:26.900,0.6089,0.6092,10.50,1.00
2010.09.09 15:26:27.074,0.6089,0.6092,12.50,1.00
2010.09.09 15:26:27.655,0.6089,0.6092,12.50,3.20
2010.09.09 15:26:27.810,0.60895,0.6092,1.00,1.00
2010.09.09 15:26:28.674,0.60895,0.60925,1.00,2.50
2010.09.09 15:26:28.864,0.60895,0.60925,1.00,7.30
2010.09.09 15:26:29.065,0.60895,0.60925,1.00,2.50
2010.09.09 15:26:29.771,0.60895,0.60925,7.20,1.00
2010.09.09 15:26:33.369,0.6089,0.6092,1.00,3.30
2010.09.09 15:26:33.606,0.60895,0.60925,1.00,14.50
2010.09.09 15:26:33.846,0.6089,0.6092,7.70,2.40
2010.09.09 15:26:34.086,0.6089,0.6092,1.20,2.50
2010.09.09 15:26:34.680,0.6089,0.6092,1.00,3.30
2010.09.09 15:26:35.029,0.60895,0.60925,1.00,2.50
2010.09.09 15:26:35.807,0.60895,0.6092,2.40,1.00
2010.09.09 15:26:37.837,0.60895,0.6092,1.60,1.00
2010.09.09 15:26:38.046,0.60895,0.6092,2.40,2.50
2010.09.09 15:26:38.175,0.60895,0.6092,1.00,1.00
2010.09.09 15:26:39.055,0.60895,0.60925,1.00,12.10
2010.09.09 15:26:49.434,0.60895,0.6092,1.00,1.00
2010.09.09 15:26:50.076,0.60895,0.60925,1.00,12.10
2010.09.09 15:26:50.305,0.60895,0.60925,1.00,7.30
2010.09.09 15:26:52.026,0.60895,0.6092,10.40,1.00
2010.09.09 15:26:52.366,0.60895,0.60925,10.00,1.00
2010.09.09 15:26:52.464,0.609,0.60925,1.00,1.00
2010.09.09 15:26:53.250,0.60895,0.60925,13.20,1.00
2010.09.09 15:26:53.735,0.60895,0.6092,13.20,1.00
2010.09.09 15:26:53.895,0.60895,0.60925,3.60,1.00
2010.09.09 15:26:56.547,0.60895,0.6092,2.80,1.00
2010.09.09 15:26:56.715,0.60895,0.60925,3.60,1.00
2010.09.09 15:26:57.910,0.60895,0.60925,6.00,1.00
2010.09.09 15:26:58.254,0.60895,0.60925,10.80,1.00
2010.09.09 15:26:58.423,0.60895,0.60925,15.60,1.00
2010.09.09 15:27:05.698,0.60895,0.60925,17.20,1.00
2010.09.09 15:27:06.068,0.60895,0.60925,16.40,1.00
2010.09.09 15:27:06.119,0.60895,0.6092,16.40,1.00
2010.09.09 15:27:06.164,0.60895,0.6092,16.00,1.00
2010.09.09 15:27:06.217,0.60895,0.6092,12.00,1.00
2010.09.09 15:27:06.365,0.60895,0.6092,7.20,1.00
2010.09.09 15:27:06.415,0.60895,0.6092,2.40,1.00
2010.09.09 15:27:07.392,0.60895,0.6092,2.40,4.90
2010.09.09 15:27:07.672,0.60895,0.6092,3.60,4.80
2010.09.09 15:27:08.495,0.609,0.60925,1.00,2.40
2010.09.09 15:27:08.762,0.60895,0.6092,3.60,1.00
2010.09.09 15:27:11.783,0.60895,0.6092,2.40,2.40
2010.09.09 15:27:13.715,0.60895,0.6092,2.40,2.40
2010.09.09 15:27:17.385,0.60895,0.6092,1.60,2.40
2010.09.09 15:27:17.526,0.6089,0.6092,8.00,3.20
2010.09.09 15:27:18.972,0.6089,0.6092,5.60,3.30
2010.09.09 15:27:20.308,0.60895,0.6092,1.00,3.30
2010.09.09 15:27:20.649,0.60895,0.6092,1.00,3.20
2010.09.09 15:27:21.578,0.60895,0.6092,1.00,2.40
2010.09.09 15:27:21.877,0.60895,0.6092,1.00,2.40
2010.09.09 15:27:25.503,0.60895,0.60915,1.00,1.00
2010.09.09 15:27:26.356,0.60895,0.6092,1.00,3.20
2010.09.09 15:27:26.546,0.60895,0.6092,1.00,2.50
2010.09.09 15:27:27.292,0.6089,0.6092,9.60,3.20
2010.09.09 15:27:27.645,0.60895,0.6092,1.00,2.50
2010.09.09 15:27:27.989,0.60895,0.6092,1.00,2.40
2010.09.09 15:27:28.909,0.6089,0.6092,5.60,3.20
2010.09.09 15:27:29.165,0.6089,0.6092,1.00,3.30
2010.09.09 15:27:30.134,0.6089,0.6092,1.00,8.10
2010.09.09 15:27:32.768,0.60875,0.60905,14.00,1.00
2010.09.09 15:27:34.203,0.60875,0.60905,16.40,1.00
2010.09.09 15:27:36.186,0.60875,0.60905,15.60,1.00
2010.09.09 15:27:36.354,0.60875,0.60905,15.60,1.00
2010.09.09 15:27:36.524,0.60875,0.60905,15.60,1.00
2010.09.09 15:27:37.449,0.60875,0.60905,17.20,1.00
2010.09.09 15:27:37.688,0.60875,0.609,12.00,2.40
2010.09.09 15:27:37.926,0.60875,0.609,1.00,2.40
2010.09.09 15:27:38.906,0.60875,0.609,1.00,2.50
2010.09.09 15:27:41.444,0.60875,0.609,1.00,2.40
2010.09.09 15:27:43.458,0.60875,0.609,1.60,2.40
2010.09.09 15:27:43.507,0.60875,0.609,1.60,2.40
2010.09.09 15:27:44.157,0.60875,0.609,2.00,2.40
2010.09.09 15:27:44.210,0.60875,0.60905,14.80,1.00
2010.09.09 15:27:44.255,0.60875,0.60905,17.20,1.00
2010.09.09 15:27:45.274,0.60875,0.60905,15.60,1.00
2010.09.09 15:27:45.624,0.6088,0.60905,1.00,1.00
2010.09.09 15:27:45.798,0.6088,0.6091,1.00,7.20
2010.09.09 15:27:46.514,0.6088,0.6091,1.00,12.00
2010.09.09 15:27:46.722,0.6088,0.6091,1.00,14.50
2010.09.09 15:27:47.074,0.60885,0.6091,1.00,12.00
2010.09.09 15:27:47.900,0.6088,0.6091,3.60,2.40
2010.09.09 15:27:48.139,0.6088,0.6091,15.70,3.20
2010.09.09 15:27:48.377,0.6088,0.60905,14.00,1.00
2010.09.09 15:27:49.130,0.6088,0.60905,1.00,1.00
2010.09.09 15:27:49.990,0.60875,0.609,12.40,2.40
2010.09.09 15:27:50.276,0.60875,0.609,1.00,2.40
2010.09.09 15:27:51.137,0.60875,0.609,1.00,2.40
2010.09.09 15:27:52.014,0.60875,0.609,1.00,2.40
2010.09.09 15:27:54.068,0.60875,0.609,1.00,2.40
2010.09.09 15:27:56.937,0.60875,0.609,1.00,2.40
2010.09.09 15:27:57.155,0.60875,0.609,1.00,2.40
2010.09.09 15:27:59.307,0.60875,0.609,1.00,2.40
2010.09.09 15:28:00.559,0.60875,0.609,1.00,2.50
2010.09.09 15:28:06.793,0.60875,0.609,1.00,2.40
2010.09.09 15:28:12.477,0.60875,0.60905,15.60,2.50
2010.09.09 15:28:12.935,0.6088,0.60905,1.00,2.50
2010.09.09 15:28:14.099,0.6088,0.60905,1.00,2.40
2010.09.09 15:28:15.046,0.60875,0.60905,15.70,2.40
2010.09.09 15:28:20.160,0.60875,0.60905,17.30,1.00
2010.09.09 15:28:20.418,0.60875,0.609,11.20,2.40
2010.09.09 15:28:20.660,0.60875,0.609,1.00,2.40
2010.09.09 15:28:22.787,0.60875,0.609,1.00,2.40
2010.09.09 15:28:23.805,0.60875,0.609,1.00,2.40
2010.09.09 15:28:24.836,0.60875,0.609,1.00,2.40
2010.09.09 15:28:26.369,0.60875,0.609,1.00,2.40
2010.09.09 15:28:26.854,0.60875,0.609,1.00,2.40
2010.09.09 15:28:27.474,0.60875,0.609,1.00,2.40
2010.09.09 15:28:27.996,0.60875,0.609,1.00,2.40
2010.09.09 15:28:29.409,0.60875,0.609,1.00,2.40
2010.09.09 15:28:30.484,0.60875,0.609,1.00,2.40
2010.09.09 15:28:31.169,0.60875,0.609,1.00,2.40
2010.09.09 15:28:31.744,0.60875,0.609,1.00,3.20
2010.09.09 15:28:32.447,0.60875,0.609,1.00,3.20
2010.09.09 15:28:34.246,0.60875,0.609,1.00,3.20
2010.09.09 15:28:36.624,0.60875,0.60895,1.00,1.00
2010.09.09 15:28:36.765,0.60875,0.609,1.00,3.20
2010.09.09 15:28:42.738,0.60875,0.609,1.00,3.30
2010.09.09 15:28:42.954,0.60875,0.609,1.00,3.20
2010.09.09 15:28:48.069,0.60875,0.609,1.00,3.30
2010.09.09 15:28:50.956,0.60875,0.60895,1.00,1.00
2010.09.09 15:28:51.458,0.60875,0.609,1.00,2.40
2010.09.09 15:28:52.818,0.60875,0.60895,1.00,1.00
2010.09.09 15:28:52.995,0.6087,0.609,17.20,3.20
2010.09.09 15:28:53.175,0.6087,0.60895,14.80,1.00
2010.09.09 15:28:53.891,0.6087,0.60895,8.00,1.00
2010.09.09 15:28:54.110,0.6087,0.60895,9.60,1.00
2010.09.09 15:28:54.319,0.6087,0.60895,4.80,1.00
2010.09.09 15:28:54.515,0.60865,0.6089,17.20,2.40
2010.09.09 15:28:55.399,0.60865,0.6089,1.60,3.20
2010.09.09 15:28:57.556,0.60865,0.6089,6.40,3.20
2010.09.09 15:28:57.618,0.60865,0.60895,14.40,1.00
2010.09.09 15:28:57.675,0.60865,0.609,14.40,13.60
2010.09.09 15:28:57.925,0.60865,0.609,14.40,8.80
2010.09.09 15:28:57.984,0.60865,0.609,14.40,4.00
2010.09.09 15:28:58.045,0.60865,0.609,14.40,8.80
2010.09.09 15:28:58.291,0.60865,0.609,14.40,4.00
2010.09.09 15:29:01.265,0.60865,0.60895,13.60,1.00
2010.09.09 15:29:01.398,0.60865,0.6089,12.00,2.40
2010.09.09 15:29:01.526,0.60865,0.6089,7.20,2.40
2010.09.09 15:29:01.655,0.60865,0.60895,7.20,4.00
2010.09.09 15:29:01.785,0.60865,0.60895,4.80,4.10
2010.09.09 15:29:02.599,0.6087,0.60895,1.00,1.60
2010.09.09 15:29:02.829,0.6087,0.609,15.20,3.20
2010.09.09 15:29:03.060,0.60875,0.60905,5.60,2.40
2010.09.09 15:29:03.930,0.6087,0.60895,9.60,1.00
2010.09.09 15:29:04.232,0.6086,0.60895,12.90,4.00
2010.09.09 15:29:04.901,0.60865,0.60895,4.80,4.00
2010.09.09 15:29:05.258,0.6086,0.60895,12.90,4.10
2010.09.09 15:29:06.510,0.60865,0.60895,4.80,4.10
2010.09.09 15:29:11.803,0.60865,0.60895,4.80,2.50
2010.09.09 15:29:14.431,0.60865,0.60895,12.90,1.60
2010.09.09 15:29:14.547,0.60865,0.60895,12.80,1.70
2010.09.09 15:29:15.015,0.60865,0.60895,12.90,1.60
2010.09.09 15:29:18.084,0.60865,0.60895,12.80,1.70
2010.09.09 15:29:21.445,0.60865,0.60895,12.90,1.60
2010.09.09 15:29:23.415,0.60865,0.60895,12.80,1.60
2010.09.09 15:29:24.347,0.60875,0.60895,4.80,1.60
2010.09.09 15:29:25.285,0.60875,0.60895,9.60,1.60
2010.09.09 15:29:25.789,0.6088,0.60895,4.80,1.60
2010.09.09 15:29:26.361,0.6088,0.60895,4.80,1.60
2010.09.09 15:29:26.521,0.60875,0.60895,9.60,1.60
2010.09.09 15:29:27.357,0.6088,0.60895,4.80,1.60
2010.09.09 15:29:27.695,0.6088,0.60895,4.80,1.60
2010.09.09 15:29:30.659,0.60875,0.609,2.40,3.20
2010.09.09 15:29:31.026,0.60875,0.60895,2.40,1.60
2010.09.09 15:29:31.768,0.6087,0.60895,2.40,1.60
2010.09.09 15:29:32.030,0.6087,0.60895,3.20,1.60
2010.09.09 15:29:32.308,0.6087,0.609,5.60,3.20
2010.09.09 15:29:33.917,0.6087,0.609,1.00,3.20
2010.09.09 15:29:36.057,0.60865,0.60895,15.20,1.00
2010.09.09 15:29:36.384,0.6087,0.609,1.00,10.40
2010.09.09 15:29:37.754,0.6087,0.609,1.00,9.60
2010.09.09 15:29:37.958,0.6087,0.60895,5.60,1.00
2010.09.09 15:29:38.239,0.6087,0.609,5.60,3.20
2010.09.09 15:29:38.514,0.6087,0.609,1.00,3.20
2010.09.09 15:29:41.557,0.6087,0.609,5.60,3.20
2010.09.09 15:29:41.699,0.6087,0.60905,14.00,4.90
2010.09.09 15:29:41.835,0.6087,0.60905,16.40,2.50
2010.09.09 15:29:42.652,0.6087,0.60905,16.50,2.50
2010.09.09 15:29:44.005,0.6087,0.60905,16.50,7.30
2010.09.09 15:29:44.485,0.6087,0.60905,16.50,2.50
2010.09.09 15:29:45.729,0.6087,0.60905,17.30,2.50
2010.09.09 15:29:52.679,0.60875,0.60905,1.00,1.60
2010.09.09 15:29:52.885,0.60875,0.60905,1.00,1.70
2010.09.09 15:29:56.039,0.6087,0.60905,17.30,2.50
2010.09.09 15:29:56.816,0.60875,0.60905,1.00,2.40
2010.09.09 15:30:02.750,0.60875,0.60905,1.00,1.60
2010.09.09 15:30:03.084,0.60875,0.60905,1.60,1.60
2010.09.09 15:30:03.928,0.60875,0.60905,3.20,1.00
2010.09.09 15:30:04.380,0.60875,0.60905,2.40,1.00
2010.09.09 15:30:04.586,0.60875,0.609,1.60,1.00
2010.09.09 15:30:05.625,0.6087,0.609,5.60,3.20
2010.09.09 15:30:05.931,0.6087,0.609,1.00,3.20
2010.09.09 15:30:06.784,0.6087,0.609,1.00,3.20
2010.09.09 15:30:07.069,0.6087,0.609,1.00,3.30
2010.09.09 15:30:07.357,0.60865,0.609,14.50,4.90
2010.09.09 15:30:07.647,0.60865,0.60895,13.60,1.00
2010.09.09 15:30:08.234,0.60865,0.60895,8.80,1.00
2010.09.09 15:30:08.519,0.6087,0.60895,2.40,1.00
2010.09.09 15:30:08.736,0.6087,0.60895,2.40,1.00
2010.09.09 15:30:09.794,0.60865,0.60895,14.40,1.00
2010.09.09 15:30:10.398,0.60865,0.60895,12.80,1.60
2010.09.09 15:30:11.216,0.6086,0.60895,12.80,2.40
2010.09.09 15:30:11.729,0.6086,0.60895,12.90,2.50
2010.09.09 15:30:11.975,0.60865,0.60895,1.00,1.70
2010.09.09 15:30:12.554,0.60865,0.60895,1.00,1.60
2010.09.09 15:30:12.901,0.60865,0.60895,12.80,1.70
2010.09.09 15:30:14.465,0.60865,0.60895,5.60,1.70
2010.09.09 15:30:16.125,0.60865,0.60895,10.40,1.70
2010.09.09 15:30:16.385,0.60865,0.60895,12.80,1.70
2010.09.09 15:30:16.644,0.60865,0.6089,12.80,1.00
2010.09.09 15:30:17.484,0.60865,0.60895,12.90,1.60
2010.09.09 15:30:17.735,0.6087,0.60895,4.80,1.60
2010.09.09 15:30:21.205,0.60865,0.60895,12.90,1.60
2010.09.09 15:30:21.729,0.60865,0.60895,12.80,1.70
2010.09.09 15:30:22.660,0.60875,0.60905,11.20,4.00
2010.09.09 15:30:22.977,0.6087,0.609,16.00,3.20
2010.09.09 15:30:23.829,0.6087,0.609,8.00,3.20
2010.09.09 15:30:24.048,0.6087,0.609,8.00,3.30
2010.09.09 15:30:25.299,0.6087,0.609,8.00,3.20
2010.09.09 15:30:25.752,0.6087,0.609,8.00,3.30
2010.09.09 15:30:26.125,0.6087,0.609,8.00,3.20
2010.09.09 15:30:26.284,0.6087,0.609,8.00,3.20
2010.09.09 15:30:27.269,0.6087,0.609,16.40,1.00
2010.09.09 15:30:29.346,0.6087,0.609,11.60,1.00
2010.09.09 15:30:30.175,0.6087,0.609,16.40,1.00
2010.09.09 15:30:30.485,0.6087,0.609,11.60,1.00
2010.09.09 15:30:31.430,0.6087,0.609,16.40,1.00
2010.09.09 15:30:32.991,0.6087,0.609,15.20,1.00
2010.09.09 15:30:33.217,0.6087,0.609,1.00,3.20
2010.09.09 15:30:33.438,0.6087,0.609,5.60,3.20
2010.09.09 15:30:34.676,0.60875,0.609,1.60,2.40
2010.09.09 15:30:34.948,0.60875,0.609,2.40,4.80
2010.09.09 15:30:35.216,0.60875,0.609,2.00,1.00
2010.09.09 15:30:36.100,0.6087,0.609,9.20,1.00
2010.09.09 15:30:37.492,0.6087,0.609,5.60,3.20
2010.09.09 15:30:37.660,0.6087,0.609,1.00,3.20
2010.09.09 15:30:38.538,0.6087,0.609,1.00,3.20
2010.09.09 15:30:38.887,0.6087,0.609,5.60,3.20
2010.09.09 15:30:40.793,0.6087,0.609,1.00,3.20
2010.09.09 15:30:42.380,0.6087,0.60905,11.70,12.10
2010.09.09 15:30:43.697,0.6087,0.609,11.60,1.00
2010.09.09 15:30:44.595,0.6087,0.60905,11.70,12.10
2010.09.09 15:30:48.930,0.60875,0.60905,1.00,11.30
2010.09.09 15:30:50.366,0.60875,0.60905,1.00,12.00
2010.09.09 15:30:50.584,0.60875,0.60905,1.00,12.00
2010.09.09 15:30:50.916,0.6087,0.60905,16.40,12.00
2010.09.09 15:30:51.738,0.6087,0.60905,11.60,12.00
2010.09.09 15:30:52.027,0.6088,0.60905,1.00,1.60
2010.09.09 15:30:52.288,0.6088,0.6091,1.00,12.10
2010.09.09 15:30:55.705,0.60875,0.6091,9.30,13.70
2010.09.09 15:30:56.431,0.60875,0.6091,9.30,16.10
2010.09.09 15:30:56.815,0.6088,0.6091,3.20,14.50
2010.09.09 15:30:57.516,0.60875,0.6091,6.00,16.00
2010.09.09 15:30:57.862,0.60875,0.6091,14.00,13.60
2010.09.09 15:30:58.206,0.60875,0.60905,13.20,1.00
2010.09.09 15:30:58.544,0.60875,0.60905,12.80,1.00
2010.09.09 15:30:59.607,0.60875,0.60905,3.20,4.90
2010.09.09 15:31:00.986,0.60875,0.60905,3.20,1.00
2010.09.09 15:31:01.240,0.60875,0.6091,12.90,16.10
2010.09.09 15:31:02.187,0.6088,0.6091,1.00,16.00
2010.09.09 15:31:03.076,0.60875,0.60905,3.20,6.40
2010.09.09 15:31:03.303,0.60875,0.60905,11.20,1.60
2010.09.09 15:31:03.527,0.60875,0.60905,11.20,1.60
2010.09.09 15:31:07.948,0.60875,0.60905,6.50,1.60
2010.09.09 15:31:09.024,0.6088,0.60905,1.00,1.60
2010.09.09 15:31:09.248,0.60875,0.60905,11.20,1.60
2010.09.09 15:31:09.598,0.6088,0.60905,1.00,1.60
2010.09.09 15:31:13.786,0.60875,0.60905,11.20,1.60
2010.09.09 15:31:14.417,0.6088,0.60905,1.00,1.60
2010.09.09 15:31:15.486,0.60875,0.60905,11.20,1.60
2010.09.09 15:31:17.191,0.6088,0.60905,1.00,1.60
2010.09.09 15:31:17.427,0.60875,0.60905,9.60,4.80
2010.09.09 15:31:17.658,0.60875,0.60905,1.00,9.60
2010.09.09 15:31:22.518,0.60875,0.60905,1.00,8.80
2010.09.09 15:31:22.688,0.60875,0.60905,6.40,1.60
2010.09.09 15:31:22.856,0.60875,0.60905,11.20,1.60
2010.09.09 15:31:24.095,0.6088,0.60905,1.00,1.60
2010.09.09 15:31:25.277,0.60875,0.60905,11.20,1.60
2010.09.09 15:31:25.565,0.60875,0.60905,6.40,1.60
2010.09.09 15:31:26.703,0.60875,0.60905,11.20,1.60
2010.09.09 15:31:26.998,0.60875,0.60905,13.60,1.60
2010.09.09 15:31:27.297,0.60875,0.60905,11.20,1.60
2010.09.09 15:31:30.332,0.60875,0.60905,11.60,1.60
2010.09.09 15:31:33.167,0.60875,0.60905,14.00,1.60
2010.09.09 15:31:33.306,0.6088,0.60905,1.00,1.60
2010.09.09 15:31:34.482,0.60885,0.60905,1.00,1.60
2010.09.09 15:31:34.791,0.60885,0.60915,1.00,12.90
2010.09.09 15:31:38.564,0.60885,0.60915,1.00,12.80
2010.09.09 15:31:39.054,0.60885,0.60915,1.00,8.00
2010.09.09 15:31:39.206,0.6088,0.6091,16.00,1.00
2010.09.09 15:31:39.519,0.6088,0.60915,16.90,11.20
2010.09.09 15:31:40.228,0.6088,0.60915,18.10,6.40
2010.09.09 15:31:40.635,0.60885,0.60915,1.00,6.40
2010.09.09 15:31:42.097,0.60885,0.60915,2.40,11.20
2010.09.09 15:31:42.635,0.60885,0.60915,2.40,13.60
2010.09.09 15:31:43.455,0.60885,0.60915,2.40,13.60
2010.09.09 15:31:43.944,0.60885,0.60915,2.40,13.70
2010.09.09 15:31:44.245,0.60885,0.6091,2.40,1.00
2010.09.09 15:31:46.046,0.60885,0.6091,1.00,1.00
2010.09.09 15:31:47.196,0.6089,0.6091,1.00,1.00
2010.09.09 15:31:47.386,0.6089,0.6091,2.00,4.80
2010.09.09 15:31:48.839,0.6089,0.6091,2.00,4.80
2010.09.09 15:31:49.019,0.6089,0.6091,2.00,7.20
2010.09.09 15:31:49.616,0.6089,0.6091,1.00,16.00
2010.09.09 15:31:49.899,0.60885,0.6091,2.00,13.60
2010.09.09 15:31:55.574,0.60895,0.6092,1.00,14.40
2010.09.09 15:31:55.922,0.609,0.60925,1.00,15.30
2010.09.09 15:31:56.504,0.609,0.6092,1.00,4.80
2010.09.09 15:31:56.711,0.609,0.6092,1.00,1.00
2010.09.09 15:31:56.917,0.609,0.60925,1.00,16.90
2010.09.09 15:31:59.407,0.609,0.60925,1.00,16.80
2010.09.09 15:31:59.746,0.609,0.60925,1.00,15.20
2010.09.09 15:32:00.535,0.609,0.60925,1.00,11.20
2010.09.09 15:32:00.916,0.609,0.60925,1.00,1.60
2010.09.09 15:32:01.839,0.609,0.6093,14.00,2.40
2010.09.09 15:32:02.177,0.60905,0.60935,1.00,12.10
2010.09.09 15:32:02.856,0.60905,0.6093,1.00,1.00
2010.09.09 15:32:03.147,0.609,0.6093,18.40,1.00
2010.09.09 15:32:03.807,0.60905,0.60935,1.00,11.20
2010.09.09 15:32:03.915,0.60905,0.60935,1.00,6.40
2010.09.09 15:32:05.027,0.60905,0.60935,1.00,7.20
2010.09.09 15:32:05.325,0.60905,0.60935,1.00,6.40
2010.09.09 15:32:06.499,0.60905,0.60935,1.00,6.50
2010.09.09 15:32:06.851,0.6091,0.60935,1.00,1.60
2010.09.09 15:32:07.029,0.6091,0.60935,2.40,1.60
2010.09.09 15:32:07.207,0.60905,0.60935,1.00,1.60
2010.09.09 15:32:07.770,0.609,0.60935,15.30,1.60
2010.09.09 15:32:07.952,0.60905,0.60935,9.60,1.60
2010.09.09 15:32:11.298,0.60905,0.60935,9.60,1.70
2010.09.09 15:32:11.348,0.609,0.60935,14.40,1.70
2010.09.09 15:32:12.060,0.609,0.60935,1.00,13.70
2010.09.09 15:32:12.108,0.609,0.60935,3.20,13.70
2010.09.09 15:32:12.219,0.609,0.60935,8.00,14.50
2010.09.09 15:32:12.946,0.609,0.6093,8.00,2.40
2010.09.09 15:32:13.307,0.60895,0.6093,13.60,7.20
2010.09.09 15:32:13.835,0.60895,0.6093,13.60,2.40
2010.09.09 15:32:14.027,0.60895,0.6092,13.60,1.00
2010.09.09 15:32:14.671,0.60895,0.6092,12.00,1.60
2010.09.09 15:32:14.895,0.6089,0.6092,1.00,8.80
2010.09.09 15:32:16.037,0.6089,0.6092,1.00,8.80
2010.09.09 15:32:16.375,0.6089,0.6092,4.00,5.60
2010.09.09 15:32:16.716,0.6089,0.60925,17.20,8.10
2010.09.09 15:32:17.491,0.6089,0.60925,17.30,8.10
2010.09.09 15:32:18.184,0.6089,0.60925,17.30,12.90
2010.09.09 15:32:19.037,0.6089,0.60925,17.50,12.90
2010.09.09 15:32:19.240,0.60895,0.60925,1.70,8.00
2010.09.09 15:32:20.219,0.60895,0.60925,1.00,8.00
2010.09.09 15:32:20.530,0.60895,0.60925,8.90,2.40
2010.09.09 15:32:21.451,0.6089,0.60925,16.80,8.10
2010.09.09 15:32:22.346,0.6089,0.6092,5.60,3.20
2010.09.09 15:32:22.714,0.60885,0.6092,15.30,3.30
2010.09.09 15:32:22.951,0.60885,0.60915,14.50,1.00
2010.09.09 15:32:23.720,0.60885,0.60915,14.40,1.00
2010.09.09 15:32:24.026,0.60885,0.60915,2.50,1.00
2010.09.09 15:32:24.320,0.60885,0.60915,1.60,1.00
2010.09.09 15:32:24.896,0.60885,0.60915,1.60,1.00
2010.09.09 15:32:25.578,0.60885,0.60915,4.80,2.40
2010.09.09 15:32:26.156,0.60885,0.60915,4.90,2.40
2010.09.09 15:32:26.458,0.60885,0.6092,16.00,8.80
2010.09.09 15:32:27.831,0.60885,0.6092,16.80,8.80
2010.09.09 15:32:28.245,0.6089,0.6092,1.00,8.80
2010.09.09 15:32:28.840,0.6089,0.6092,1.00,10.40
2010.09.09 15:32:32.516,0.6089,0.6092,1.00,4.80
2010.09.09 15:32:32.735,0.6089,0.60925,5.70,17.30
2010.09.09 15:32:33.546,0.6089,0.60925,5.70,14.50
2010.09.09 15:32:34.279,0.6089,0.6092,5.60,1.00
2010.09.09 15:32:35.315,0.6089,0.60925,5.70,14.50
2010.09.09 15:32:37.628,0.6089,0.60925,5.70,16.10
2010.09.09 15:32:37.857,0.6089,0.60925,5.70,14.50
2010.09.09 15:32:38.086,0.6089,0.60925,5.70,16.10
2010.09.09 15:32:40.077,0.6089,0.6092,5.60,3.30
2010.09.09 15:32:40.786,0.6089,0.6092,1.70,8.00
2010.09.09 15:32:41.130,0.6089,0.60925,13.70,4.10
2010.09.09 15:32:43.413,0.6089,0.60925,13.70,2.50
2010.09.09 15:32:45.491,0.6089,0.60925,12.90,2.50
2010.09.09 15:32:50.035,0.6089,0.6092,12.00,1.00
2010.09.09 15:32:50.176,0.6089,0.6092,12.00,1.70
2010.09.09 15:32:50.316,0.6089,0.6092,4.80,4.10
2010.09.09 15:32:51.214,0.60885,0.60915,16.80,1.00
2010.09.09 15:32:51.501,0.60885,0.60915,12.00,1.60
2010.09.09 15:32:51.778,0.6089,0.60915,1.00,1.60
2010.09.09 15:32:52.055,0.6089,0.60915,1.00,1.00
2010.09.09 15:32:52.337,0.6089,0.6092,1.00,16.00
2010.09.09 15:32:53.385,0.6089,0.6092,1.00,8.80
2010.09.09 15:32:53.840,0.60895,0.6092,1.00,8.80
2010.09.09 15:32:53.955,0.60895,0.6092,1.00,6.40
2010.09.09 15:32:54.075,0.60895,0.6092,1.00,5.60
2010.09.09 15:32:54.195,0.60895,0.60925,1.00,4.80
2010.09.09 15:32:54.307,0.60895,0.60925,1.00,2.40
2010.09.09 15:32:54.425,0.60895,0.6092,2.40,1.00
2010.09.09 15:33:00.013,0.60895,0.60925,2.40,1.00
2010.09.09 15:33:04.567,0.60905,0.60925,1.00,1.00
2010.09.09 15:33:04.755,0.6091,0.6093,1.00,16.90
2010.09.09 15:33:05.096,0.6091,0.6093,1.00,8.10
2010.09.09 15:33:06.568,0.60905,0.6093,1.20,8.10
2010.09.09 15:33:06.678,0.60905,0.60925,1.00,1.00
2010.09.09 15:33:06.787,0.609,0.60925,3.20,1.00
2010.09.09 15:33:07.668,0.60905,0.60925,1.00,1.00
2010.09.09 15:33:09.291,0.60905,0.6093,1.00,8.10
2010.09.09 15:33:09.535,0.60905,0.60925,1.00,1.00
2010.09.09 15:33:10.636,0.609,0.60925,3.60,1.00
2010.09.09 15:33:11.226,0.609,0.60925,1.20,1.00
2010.09.09 15:33:11.361,0.60895,0.60925,2.00,2.40
2010.09.09 15:33:13.531,0.609,0.60925,1.00,1.60
2010.09.09 15:33:18.289,0.609,0.6093,6.00,6.40
2010.09.09 15:33:18.506,0.60905,0.6093,4.80,8.80
2010.09.09 15:33:18.725,0.609,0.60925,1.00,1.60
2010.09.09 15:33:19.618,0.60895,0.60925,14.90,4.00
2010.09.09 15:33:19.927,0.60895,0.60925,12.40,2.50
2010.09.09 15:33:20.237,0.60895,0.60925,2.80,2.50
2010.09.09 15:33:21.457,0.60895,0.60925,2.90,2.40
2010.09.09 15:33:23.357,0.60895,0.60925,2.90,8.80
2010.09.09 15:33:23.895,0.60895,0.60925,2.80,8.90
2010.09.09 15:33:24.057,0.6089,0.6092,16.40,1.00
2010.09.09 15:33:24.226,0.6089,0.60915,12.80,1.00
2010.09.09 15:33:24.950,0.60885,0.60915,14.00,1.00
2010.09.09 15:33:26.557,0.6089,0.60915,1.00,1.00
2010.09.09 15:33:27.046,0.6089,0.6092,1.00,4.00
2010.09.09 15:33:27.296,0.6089,0.6092,1.00,4.00
2010.09.09 15:33:28.188,0.60895,0.60925,1.00,16.10
2010.09.09 15:33:29.348,0.60895,0.6092,1.00,2.50
2010.09.09 15:33:29.513,0.6089,0.60915,1.00,1.00
2010.09.09 15:33:30.008,0.6089,0.6092,1.00,2.40
2010.09.09 15:33:31.191,0.6089,0.60915,1.00,1.00
2010.09.09 15:33:34.075,0.6089,0.6092,1.00,14.40
2010.09.09 15:33:34.700,0.6089,0.6092,1.00,7.20
2010.09.09 15:33:34.953,0.6089,0.6092,1.00,1.00
2010.09.09 15:33:35.198,0.6089,0.6092,5.60,1.00
2010.09.09 15:33:37.005,0.60895,0.60925,1.00,8.80
2010.09.09 15:33:37.838,0.60895,0.6092,1.00,1.00
2010.09.09 15:33:38.734,0.60895,0.60925,1.00,8.90
2010.09.09 15:33:38.852,0.60895,0.6092,1.00,1.00
2010.09.09 15:33:39.930,0.60895,0.60925,1.00,8.90
2010.09.09 15:33:40.269,0.6089,0.60925,16.50,9.70
2010.09.09 15:33:40.609,0.6089,0.6092,14.00,1.70
2010.09.09 15:33:41.902,0.6089,0.6092,5.60,1.60
2010.09.09 15:33:47.197,0.6089,0.6092,10.40,1.60
2010.09.09 15:33:47.405,0.6089,0.6092,12.80,1.60
2010.09.09 15:33:50.949,0.6089,0.6092,5.60,1.60
2010.09.09 15:33:52.752,0.609,0.6093,1.00,7.30
2010.09.09 15:33:53.277,0.609,0.6093,5.60,2.50
2010.09.09 15:33:53.846,0.609,0.6093,8.00,2.50
2010.09.09 15:33:55.995,0.609,0.6093,5.60,2.40
2010.09.09 15:33:56.868,0.609,0.6093,5.60,2.40
2010.09.09 15:33:57.671,0.609,0.60925,5.60,1.00
2010.09.09 15:34:00.143,0.609,0.60925,8.00,1.00
2010.09.09 15:34:00.266,0.609,0.6093,8.80,2.40
2010.09.09 15:34:00.607,0.609,0.6093,7.60,2.40
2010.09.09 15:34:00.947,0.609,0.6093,8.00,2.40
2010.09.09 15:34:01.435,0.609,0.6093,5.60,2.40
2010.09.09 15:34:01.595,0.609,0.60925,5.60,1.00
2010.09.09 15:34:03.617,0.609,0.6093,5.60,2.40
2010.09.09 15:34:03.696,0.609,0.60925,5.60,1.00
2010.09.09 15:34:04.408,0.609,0.6093,5.60,2.40
2010.09.09 15:34:04.745,0.609,0.60925,5.60,1.00
2010.09.09 15:34:05.649,0.60895,0.60925,14.40,1.60
2010.09.09 15:34:06.373,0.60895,0.60925,12.00,1.70
2010.09.09 15:34:08.445,0.609,0.60925,1.00,1.70
2010.09.09 15:34:08.516,0.609,0.60925,1.00,1.00
2010.09.09 15:34:08.659,0.609,0.6093,1.00,9.70
2010.09.09 15:34:08.798,0.609,0.6093,5.60,2.40
2010.09.09 15:34:08.938,0.609,0.60935,8.00,16.00
2010.09.09 15:34:09.629,0.609,0.60935,15.20,6.40
2010.09.09 15:34:09.956,0.609,0.60935,15.20,6.40
2010.09.09 15:34:12.819,0.60905,0.60935,1.00,13.60
2010.09.09 15:34:13.107,0.609,0.60935,15.60,11.20
2010.09.09 15:34:13.397,0.609,0.60935,10.40,11.20
2010.09.09 15:34:14.256,0.609,0.60935,8.00,13.60
2010.09.09 15:34:14.535,0.609,0.60935,12.80,8.80
2010.09.09 15:34:14.815,0.609,0.60935,15.20,6.40
2010.09.09 15:34:15.096,0.60905,0.60935,1.00,1.60
2010.09.09 15:34:15.356,0.60905,0.60935,1.00,6.40
2010.09.09 15:34:16.091,0.60905,0.60935,1.00,1.60
2010.09.09 15:34:16.357,0.609,0.60935,17.30,6.40
2010.09.09 15:34:16.476,0.609,0.60935,15.70,11.20
2010.09.09 15:34:16.705,0.609,0.60935,15.70,6.40
2010.09.09 15:34:16.825,0.609,0.60935,15.70,1.60
2010.09.09 15:34:17.522,0.609,0.60935,16.10,1.60
2010.09.09 15:34:17.636,0.60905,0.60935,4.80,1.60
2010.09.09 15:34:18.846,0.60905,0.60935,9.60,1.60
2010.09.09 15:34:19.758,0.60905,0.6094,12.00,12.00
2010.09.09 15:34:20.500,0.60905,0.6094,12.00,12.80
2010.09.09 15:34:20.609,0.60905,0.6094,2.40,15.20
2010.09.09 15:34:20.705,0.60905,0.6094,2.40,15.30
2010.09.09 15:34:22.258,0.60905,0.60935,2.40,4.80
2010.09.09 15:34:24.376,0.60905,0.6094,12.00,15.30
2010.09.09 15:34:24.615,0.60905,0.6094,2.40,15.30
2010.09.09 15:34:25.346,0.60905,0.6094,1.60,15.30
2010.09.09 15:34:25.642,0.6091,0.60935,1.00,11.20
2010.09.09 15:34:26.634,0.6091,0.60935,5.60,1.60
2010.09.09 15:34:28.533,0.6091,0.60935,4.80,1.60
2010.09.09 15:34:28.818,0.60905,0.60935,1.20,1.60
2010.09.09 15:34:28.947,0.60905,0.60935,1.00,1.60
2010.09.09 15:34:31.641,0.60905,0.60935,1.00,1.60
2010.09.09 15:34:31.918,0.60905,0.60935,1.00,11.20
2010.09.09 15:34:34.025,0.60905,0.60935,1.00,11.20
2010.09.09 15:34:36.357,0.60905,0.60935,1.00,12.80
2010.09.09 15:34:36.485,0.60905,0.60935,1.00,14.40
2010.09.09 15:34:37.738,0.60905,0.6093,1.00,1.00
2010.09.09 15:34:47.143,0.60905,0.60935,1.00,13.60
2010.09.09 15:34:47.277,0.60905,0.60935,1.00,6.40
2010.09.09 15:34:47.415,0.60905,0.60935,1.00,1.60
2010.09.09 15:34:47.546,0.60905,0.60935,5.60,1.60
2010.09.09 15:34:48.257,0.60905,0.60935,10.40,1.60
2010.09.09 15:34:50.060,0.6091,0.60945,16.40,6.40
2010.09.09 15:34:50.396,0.6091,0.60945,16.40,1.70
2010.09.09 15:34:50.992,0.60915,0.60945,1.00,1.70
2010.09.09 15:34:51.255,0.60915,0.60945,4.80,1.60
2010.09.09 15:34:53.676,0.60915,0.60945,7.20,1.60
2010.09.09 15:34:54.516,0.6091,0.60945,16.40,1.60
2010.09.09 15:34:56.713,0.6092,0.60945,1.00,1.60
2010.09.09 15:34:56.791,0.6092,0.60955,8.00,13.70
2010.09.09 15:34:57.180,0.6092,0.60955,8.00,13.60
2010.09.09 15:34:58.497,0.6092,0.6095,8.00,1.00
2010.09.09 15:35:00.405,0.60925,0.60955,2.80,1.60
2010.09.09 15:35:00.567,0.60925,0.60955,4.40,1.00
2010.09.09 15:35:00.727,0.60925,0.60955,9.20,1.00
2010.09.09 15:35:00.888,0.60925,0.60955,9.20,1.00
2010.09.09 15:35:02.535,0.60925,0.6096,9.30,16.10
2010.09.09 15:35:02.769,0.60925,0.60955,9.20,1.00
2010.09.09 15:35:03.808,0.60925,0.60955,14.00,1.00
2010.09.09 15:35:04.011,0.6093,0.6096,1.00,12.00
2010.09.09 15:35:04.209,0.6093,0.6096,3.20,12.00
2010.09.09 15:35:04.947,0.6093,0.6096,3.20,7.20
2010.09.09 15:35:05.319,0.6093,0.6096,3.20,2.40
2010.09.09 15:35:05.656,0.6093,0.6096,8.00,2.40
2010.09.09 15:35:12.245,0.6093,0.6096,3.20,2.40
2010.09.09 15:35:14.278,0.6093,0.6096,2.40,2.40
2010.09.09 15:35:14.916,0.6093,0.6096,2.40,2.50
2010.09.09 15:35:15.135,0.60925,0.6095,6.40,8.00
2010.09.09 15:35:15.378,0.6092,0.6095,5.60,7.20
2010.09.09 15:35:15.960,0.6092,0.6095,5.60,2.40
2010.09.09 15:35:17.409,0.6092,0.6095,4.80,3.20
2010.09.09 15:35:17.555,0.6092,0.6095,4.80,3.30
2010.09.09 15:35:17.706,0.6092,0.6095,4.80,5.70
2010.09.09 15:35:17.857,0.60915,0.6095,14.40,5.70
2010.09.09 15:35:18.558,0.60915,0.6095,14.40,10.40
2010.09.09 15:35:18.680,0.60915,0.6095,14.40,2.40
2010.09.09 15:35:18.788,0.60915,0.60955,14.40,13.70
2010.09.09 15:35:18.899,0.6092,0.60955,4.80,13.70
2010.09.09 15:35:19.551,0.6092,0.60955,12.00,1.70
2010.09.09 15:35:19.899,0.60925,0.60955,9.60,1.70
2010.09.09 15:35:20.240,0.6092,0.6095,12.00,2.40
2010.09.09 15:35:20.887,0.60925,0.6095,1.00,2.40
2010.09.09 15:35:21.737,0.60925,0.60955,1.00,1.70
2010.09.09 15:35:22.225,0.60925,0.6095,1.00,1.00
2010.09.09 15:35:25.406,0.60925,0.60955,1.00,1.60
2010.09.09 15:35:25.608,0.60925,0.60955,1.00,1.60
2010.09.09 15:35:26.376,0.60925,0.60955,5.60,1.60
2010.09.09 15:35:26.721,0.60925,0.60955,12.80,1.60
2010.09.09 15:35:27.066,0.60925,0.60955,12.90,1.60
2010.09.09 15:35:27.550,0.60925,0.60955,12.80,1.60
2010.09.09 15:35:29.755,0.60925,0.6096,14.40,2.50
2010.09.09 15:35:30.062,0.6093,0.6096,4.80,2.40
2010.09.09 15:35:33.617,0.6093,0.60965,4.80,13.60
2010.09.09 15:35:34.016,0.6093,0.60965,12.00,11.20
2010.09.09 15:35:34.196,0.6093,0.60965,7.20,11.20
2010.09.09 15:35:34.798,0.6093,0.60965,4.80,13.60
2010.09.09 15:35:36.646,0.6093,0.60965,4.80,13.70
2010.09.09 15:35:36.887,0.60925,0.60965,14.40,13.70
2010.09.09 15:35:37.936,0.6093,0.60965,4.80,13.70
2010.09.09 15:35:40.231,0.60925,0.6096,7.30,14.40
2010.09.09 15:35:41.937,0.6093,0.6096,1.00,10.40
2010.09.09 15:35:42.232,0.6093,0.6096,3.20,6.40
2010.09.09 15:35:43.027,0.6093,0.6096,5.60,4.80
2010.09.09 15:35:43.270,0.6093,0.60965,15.20,11.30
2010.09.09 15:35:43.507,0.6093,0.60965,15.20,11.20
2010.09.09 15:35:44.778,0.60935,0.60965,4.80,1.60
2010.09.09 15:35:44.966,0.60935,0.60965,4.80,1.60
2010.09.09 15:35:45.539,0.6093,0.60965,16.80,11.20
2010.09.09 15:35:46.466,0.60935,0.60965,9.60,1.60
2010.09.09 15:35:46.809,0.6093,0.60965,16.40,1.60
2010.09.09 15:35:48.076,0.60935,0.60965,4.80,1.60
2010.09.09 15:35:48.671,0.60935,0.60965,9.60,1.60
2010.09.09 15:35:48.928,0.60935,0.60965,12.00,1.60
